3118 5040
305 678 434 757 quidem
456 713 499 724 -
523 673 618 760 κιῖηώ
642 712 691 755 -,
713 677 766 756 qui
797 676 865 756 ipse
881 695 1038 737 ‚summus
1065 675 1251 756 tragoediae
1273 695 1345 737 sum
1373 696 1421 736 ar·

305 779 396 853 biter,
419 799 475 840 eos
497 778 655 852 iudicabo,
677 798 780 857 neque
803 779 887 838 enim
911 797 976 856 eqs

390 879 507 943 Altero
530 879 602 942 loco
629 880 773 944 laudatur
800 879 984 960 Aeschylus
1007 879 1147 942 Acham.
1172 901 1201 942 v.
1225 895 1341 958 9-11,
1367 879 1421 940 ubi

307 983 513 1064 Dicaeopolis
535 983 616 1045 haec
638 982 794 1062 loquitur:
1029 985 1031 988 ’

436 1079 504 1148 ἀλλ)
530 1079 714 1168 ὠδυνήθην
736 1079 853 1166 ἕτερον
877 1072 919 1146 αὖ
942 1078 1165 1166 τραγῳδικόν,

311 1202 355 1250 10.
434 1177 491 1250 ὅτε
516 1185 555 1271 δὴ
576 1180 709 1269 ’κεχὴνη
731 1184 931 1266 προςδοκῶν
953 1182 1016 1248 τὸν
1038 1180 1215 1265 Αἰσχύλον,

433 1284 451 1352 ὁ
476 1282 505 1351 δ’
530 1283 668 1376 ἀνεῖπεν
690 1280 800 1368 εἴσαγ’,
823 1275 851 1349 ὦ
876 1284 1005 1368 Θέογνι,
1027 1283 1089 1349 τὸν
1108 1279 1222 1366 χορόν.

393 1388 537 1451 Fabulae
560 1387 733 1467 Aeschyli,
757 1390 811 1466 qui
833 1389 894 1448 iam
917 1389 1047 1466 triginta
1069 1387 1157 1449 annis
1179 1394 1254 1448 ante
1277 1394 1422 1448 mortuus

306 1498 389 1568 erat,
423 1498 651 1572 exspectantur
690 1509 746 1549 ore
779 1488 900 1561 hiante,
933 1487 1099 1568 languidus
1133 1495 1230 1567 poeta
1265 1487 1424 1568 spernitur

306 1591 482 1672 Theognis
505 1594 557 1671 qui
580 1590 797 1671 Xenophonte
820 1599 852 1652 et
875 1589 975 1670 Lysia
993 1588 1175 1651 auctoribus
1198 1587 1255 1650 fuit
1278 1609 1359 1650 unus
1382 1608 1423 1648 ex

304 1695 435 1774 triginta
468 1695 620 1773 tyrannis,
671 1693 825 1772 Tragicos
858 1701 964 1754 autem
995 1693 1159 1770 Theognis
1191 1693 1323 1754 minime
1356 1703 1423 1757 tam

308 1795 410 1857 clarus
434 1795 491 1856 suit
513 1815 609 1874 quam
633 1793 829 1874 AeschyluS,
860 1802 894 1855 ut
916 1794 972 1854 vix
995 1813 1076 1875 opus
1099 1795 1138 1856 sit
1160 1795 1266 1857 dicere
1289 1796 1423 1857 Dicaeo-

307 1898 407 1978 polim
430 1906 518 1959 recte
538 1897 703 1958 iudicasse.

390 1999 516 2060 Tertius
548 1998 635 2060 locus
669 2008 718 2060 est
753 1998 967 2078 fragmentum
1000 2013 1063 2074 204
1093 1999 1177 2078 apud
1209 1999 1425 2074 Dindorfium,

305 2105 391 2181 quod
416 2102 640 2181 depromptum
664 2110 712 2163 est
735 2121 778 2162 ex
796 2099 1023 2180 Aristophanis
1046 2101 1223 2174 comoedia,
1247 2103 1296 2163 cui
1315 2102 1424 2164 titulus

305 2201 362 2264 fuit
384 2197 589 2287 Γηρυτάδης,
613 2212 645 2263 et
667 2203 751 2282 apud
768 2200 970 2262 Athenaeum
988 2203 1006 2262 8
1025 2220 1055 2281 p.
1082 2203 1139 2278 365
1162 2200 1184 2261 b
1205 2202 1250 2262 sic
1275 2204 1425 2264 traditur:

428 2298 482 2369 Ἐν
504 2315 591 2368 τοῖσι
614 2303 830 2377 συνδείπνοις
852 2302 1002 2366 έιιαινοῦν
1024 2299 1202 2384 Αἰσχύλον.

392 2405 488 2487 Quod
529 2412 578 2466 est
616 2404 711 2465 latine
743 2401 836 2465 ‘inter
876 2422 988 2464 cenam
1024 2407 1060 2480 (s.
1092 2406 1247 2482 cenans)
1292 2404 1426 2467 laudans

306 2501 527 2586 Aeschylum'.
560 2505 644 2566 Frid.
665 2504 841 2568 Schoellius
861 2506 990 2584 quidem
1008 2540 1050 2548 —
1068 2504 1105 2569 ci.
1122 2504 1289 2568 Ritschelii
1306 2507 1426 2570 Aesch.

306 2607 440 2690 Septem
468 2611 621 2670 adversus
649 2606 781 2669 Thebas
808 2627 838 2687 p.
871 2622 910 2682 14
936 2607 1224 2687 -interpretatur
1257 2628 1295 2669 ea
1325 2609 1428 2671 verba

305 2711 367 2773 hoc
386 2711 498 2772 modo:
521 2717 730 2772 cenantem
753 2707 885 2770 laudans
901 2707 1110 2786 Aeschylum.
1148 2709 1230 2770 Utra
1248 2710 1288 2770 sit
1308 2713 1427 2773 rectior
1543 2777 1544 2798 i

307 2811 527 2892 interpretatio
548 2810 709 2871 diiudicari
728 2830 791 2871 non
809 2818 925 2890 potest,
940 2829 1012 2870 cum
1032 2811 1114 2870 desit
1132 2829 1275 2871 conexus
1299 2821 1428 2874 senten·

307 2916 432 2976 tiarum.
1374 2963 1377 2970 .

389 3015 536 3093 Denique
559 3016 700 3075 comicus
718 3011 873 3090 Aeschyli
896 3012 1019 3092 poesim
1042 3011 1110 3072 sore
1132 3012 1353 3075 immortalem
1377 3014 1428 3076 his

305 3117 493 3180 vaticinatus
517 3125 566 3176 est
589 3117 695 3176 verbis
719 3114 800 3176 Ran.
825 3115 887 3175 866
909 3133 964 3174 ss:

759 3212 933 3296 Αἰσχύλος.

433 3314 616 3402 ἐβουλόμην
637 3318 700 3401 μὲν
723 3310 785 3380 οὐκ
807 3316 927 3398 ἐρίζειν
949 3310 1082 3378 ἐνθάδε·

434 3417 497 3486 οὐκ
520 3418 554 3498 ἐξ
575 3418 650 3484 ἰ’σοο
672 3415 735 3502 γάρ
759 3417 851 3481 ἐστιν
874 3413 967 3499 ἁγών
990 3419 1070 3498 νῷν.

664 3559 665 3564 1
760 3514 928 3592 Διόνυσος.

1114 3618 1148 3680 τί
1172 3617 1247 3694 dost

762 3716 938 3802 Αἰσχύλος.

434 3819 487 3892 ὅτι
511 3823 530 3909 ἡ
553 3827 685 3907 ποίησις
707 3818 779 3906 οὐχὶ
798 3819 1005 3905 συντέθνηκέ
1024 3838 1091 3903 μοι·

433 3925 546 4010 τούτῳ
570 3927 605 3990 ot
629 3925 863 4009 συντέθνηκεν,
887 3914 971 3987 ὥσθ’
997 3918 1060 4000 έξει
1082 3921 1196 4004 λέγειν.

390 4029 624 4112 Lepidissimae
643 4036 717 4088 sunt
735 4026 874 4100 facetiae,
889 4022 965 4086 ‘non
985 4044 1027 4085 ex
1045 4043 1147 4103 aequo
1164 4043 1234 4087 esse
1250 4035 1430 4105 certamen,

305 4155 376 4196 eum
401 4131 558 4209 Aeschyli
582 4131 690 4211 poesis
717 4148 780 4189 non
810 4127 961 4188 interierit
989 4144 1060 4186 cum
1088 4134 1231 4199 auctore,
1262 4125 1430 4210 Euripidis
