3118 5040
488 1491 899 1584 PRAEFATIO.

225 1827 461 1910 Aristophanes
480 1839 515 1892 ut
533 1850 646 1893 omnes
665 1831 732 1893 iere
750 1831 868 1894 veteris
887 1830 1075 1892 comoediae
1085 1831 1257 1911 scriptores

134 1930 274 1992 ridendo
296 1952 407 1994 verum
431 1931 536 1994 dicere
558 1934 687 1997 studuit.
731 1932 780 1994 Ea
803 1933 932 2012 quidem
961 1932 1119 1994 sententia
1148 1953 1167 1994 a
1189 1931 1258 2014 plu·

134 2033 225 2095 rimis
248 2032 345 2095 hodie
367 2033 526 2114 probatur
548 2055 652 2114 neque
674 2055 770 2112 veru,
798 2036 830 2096 id
854 2033 942 2114 quod
964 2033 1043 2096 infra
1065 2033 1257 2110 videbimuS,

136 2135 181 2198 ab
205 2135 353 2197 omnibus
377 2137 450 2197 viris
473 2137 590 2198 doctis.

225 2236 377 2318 Optimus
404 2246 513 2299 autem
541 2237 734 2318 reipublicae
763 2246 866 2300 status
894 2237 1104 2318 Aristophani
1132 2239 1157 2300 is
1186 2259 1258 2302 esse

132 2340 314 2414 videbatur,
333 2341 385 2420 qui
405 2348 473 2403 erat
490 2349 640 2420 ternpore
658 2359 786 2420 pugnae
803 2339 1034 2402 Marathoniae.
1064 2339 1258 2402 Recentiora
1303 2374 1307 2382 ·

133 2442 245 2505 studia
266 2441 494 2504 contemnebat
511 2439 763 2522 Aristophanes,
786 2442 886 2504 immo
909 2441 1030 2524 passim
1052 2461 1149 2521 quam
1171 2461 1257 2503 acer·

134 2545 270 2606 bissima
300 2552 485 2625 persecutus
520 2552 569 2606 est
599 2544 751 2608 irrisione.
800 2544 906 2607 Veluti
933 2543 986 2606 ille
1012 2543 1257 2606 Atheniensium

134 2645 348 2725 cupiditatem
366 2645 465 2707 litium
483 2645 515 2707 in
531 2645 650 2726 Vespis
671 2655 704 2708 et
722 2645 876 2709 Cleonem
898 2654 994 2726 atque
1018 2665 1149 2708 omnem
1172 2645 1257 2707 illam

134 2749 384 2812 immoderatam
411 2746 514 2828 plebis
533 2748 786 2810 dominationem
804 2749 836 2810 in
851 2748 1019 2828 Equitibus
1042 2749 1189 2823 vexavit,
1211 2748 1257 2810 sic

134 2852 235 2911 etiam
266 2848 431 2912 Metonem
462 2848 727 2912 mathematicum
759 2851 790 2911 in
817 2849 938 2913 Avium
965 2871 994 2912 v.
1020 2867 1082 2930 992
1110 2871 1162 2925 ss,
1193 2847 1278 2912 So-.

137 2959 259 3013 cratem
282 2961 315 3014 et
337 2950 497 3032 sophistas
520 2954 551 3014 in
573 2952 730 3026 Nubibus,
752 2951 946 3033 Euripidem,
969 2954 1022 3032 qui
1045 2951 1252 3033 sophisticam

137 3051 167 3112 in
189 3053 372 3133 tragoedias
394 3073 468 3115 suas
490 3053 650 3116 transtulit
672 3056 850 3116 doctrinam
873 3054 904 3114 in
927 3054 1036 3118 Ranis.
1107 3065 1109 3070 ’

221 3155 269 3218 Ut
298 3157 329 3216 in
364 3154 427 3216 hoc
456 3155 568 3218 ultimo
599 3157 822 3232 immoremur,
861 3163 932 3218 tota
963 3155 1061 3217 altera
1088 3155 1251 3217 Ranarum

136 3277 210 3338 pars
229 3257 304 3319 nihil
321 3255 386 3320 fere
405 3259 548 3320 continet
568 3261 626 3321 nisi
645 3259 873 3340 Aristophanis
893 3259 934 3321 de
948 3259 1117 3340 tragoedia
1131 3258 1254 3333 iudicia,

136 3379 218 3440 quae
240 3362 329 3440 quod
351 3358 455 3422 adhuc
478 3370 605 3424 servata
627 3369 715 3439 sunt,
745 3361 901 3424 habemus
919 3381 984 3438 cur
1010 3361 1124 3423 litteris
1147 3369 1253 3440 gratu-

134 3459 244 3526 lemur.
288 3461 372 3524 Nam
403 3463 472 3524 sine
503 3462 602 3524 dubio
629 3483 772 3525 summus
798 3471 895 3545 poeta
909 3477 941 3526 ¹a
968 3462 1052 3524 nullo
1080 3464 1185 3543 aptius
1208 3465 1253 3525 in·

133 3561 246 3644 tellegi
268 3572 300 3625 et
322 3563 451 3625 iudicari
473 3573 582 3646 potest
604 3585 700 3646 quam
728 3565 770 3627 ab
797 3565 860 3628 alio
888 3566 1029 3628 eiusdem
1058 3565 1252 3626 auctoritatis

134 3674 242 3746 poeta,
265 3668 452 3746 praesertim
475 3668 501 3728 si
524 3665 616 3730 fuerit
639 3669 782 3731 eiusdem
805 3667 870 3731 sere
893 3667 1056 3748 temporis,

223 3769 319 3830 Haud
349 3768 472 3832 facilem
503 3791 574 3834 esse
602 3771 767 3834 materiam
798 3772 995 3852 tragicorum
1022 3789 1189 3832 censuram
1220 3771 1251 3830 in

135 3871 316 3948 comoedia,
334 3892 416 3951 quae
434 3875 577 3934 maxime
595 3882 753 3955 spectaret
768 3875 809 3934 ad
828 3875 1021 3935 audientium
1040 3871 1251 3953 voluptatem,

134 3972 205 4054 ipse
228 3972 463 4054 Aristophanes
486 3974 570 4036 bene
592 3977 699 4049 sensit,
721 3976 753 4036 id
777 3975 863 4053 quod
886 3973 960 4036 inde
982 3981 1127 4053 apparet,
1154 3974 1250 4054 quod,

133 4083 308 4154 antequam
339 4075 381 4136 ad
413 4076 518 4156 ipsum
550 4084 712 4138 certamen
739 4076 866 4149 transit,
899 4075 1080 4137 auditorum
1111 4075 1251 4138 benevo-

133 4175 266 4238 lentiam
289 4177 351 4239 hoc
374 4178 474 4240 modo
496 4186 604 4259 captat
626 4179 706 4242 Ran.
729 4197 756 4238 ν.
784 4171 1002 4258 ιιο9-ἸΙΙ4ε

1050 4291 1059 4327 1
