3118 5040
619 570 829 633 „43-

160 723 260 788 veluti
278 721 535 805 grypho-aquilis
555 721 775 804 similibusque
793 721 980 805 clypeorum
999 724 1183 806 insignibus,
1201 745 1286 805 quae

163 834 197 889 et
219 827 389 907 descripsit
412 813 598 906 Aeschylus
622 833 654 887 et
672 819 865 907 ipsa'oculis
888 827 1147 907 repraesentavit.
1187 827 1285 909 Quod

162 948 237 991 eum
260 926 373 991 secisse
396 927 527 990 minime
557 927 674 990 mirum
697 937 758 1002 est,
789 947 862 990 cum
885 927 1023 991 mobiles
1049 930 1092 990 ad
1114 929 1286 1010 omniaque

162 1030 393 1111 imaginatione
414 1031 625 1111 concipienda
646 1031 798 1110 propensi
822 1029 1018 1092 Graecorum
1041 1029 1137 1093 animi
1158 1039 1285 1112 tempo·

163 1132 251 1194 ribus
282 1131 342 1194 illis
372 1131 529 1195 bellorum
552 1131 754 1194 Persicorum
785 1151 883 1212 quam
915 1131 1058 1195 maxime
1087 1133 1154 1196 sine
1186 1132 1285 1195 dubio

164 1242 370 1297 moverentur
384 1233 483 1308 novis,
496 1252 721 1316 quascumque
738 1253 840 1314 nuper
854 1234 883 1296 in
895 1234 1000 1297 Persis
1016 1234 1163 1296 viderant
1181 1234 1285 1311 rebuS,

164 1334 203 1398 cf.
228 1335 342 1400 Bernh.
365 1335 384 1398 l.
408 1336 427 1400 l.
452 1352 480 1410 2,
504 1337 573 1397 261.
617 1335 700 1398 Fere
731 1335 818 1398 idem
849 1344 950 1398 status
979 1338 1157 1416 eademque
1180 1356 1286 1400 rerum

112 1456 116 1462 ·
164 1438 312 1500 condicio
341 1438 451 1500 medio
474 1457 603 1517 quoque
633 1436 692 1498 suit
713 1456 796 1499 aevo
815 1437 901 1518 apud
924 1435 1104 1500 Germanos
1127 1438 1286 1501 bellorum

163 1538 299 1614 illorum,
322 1559 404 1620 quae
427 1540 471 1602 rei
496 1536 694 1600 Christianae
712 1536 935 1600 defendendae
956 1558 1052 1601 causa
1069 1540 1102 1600 in
1121 1539 1287 1602 Orientem

165 1650 239 1702 sunt
262 1649 424 1722 suscepta,
454 1639 663 1722 temporibus.
687 1677 726 1684 -
749 1676 792 1686 -
814 1640 1016 1721 Tragoediae
1047 1649 1156 1703 autem
1189 1642 1287 1702 incre-

166 1750 292 1818 menta,
332 1762 469 1822 quorum
501 1751 614 1805 auctor
643 1755 675 1804 et
706 1742 853 1804 inventor
883 1741 1063 1823 appellatur
1093 1740 1288 1822 Aeschylus,

167 1845 322 1926 pleraque
345 1844 547 1908 debebantur
569 1844 597 1906 ei
619 1845 689 1924 ipsi,
711 1863 809 1924 quam
832 1844 932 1906 modo
955 1842 1140 1924 significavi,
1163 1851 1288 1924 tempo-

167 1966 238 2008 rum
260 1946 386 2008 illorum
409 1947 598 2009 condicioni.
646 1944 791 2009 Devictis
814 1947 900 2008 enim
922 1945 1026 2009 Persis
1049 1966 1122 2008 cum
1144 1945 1288 2007 omnium

166 2069 273 2111 rerum
306 2049 446 2111 Athenis
478 2048 535 2112 fuit
565 2049 763 2131 prosperitas
795 2057 863 2111 tum
895 2050 940 2110 rei
969 2049 1143 2112 scaenicae.
1206 2045 1288 2110 Cum

167 2158 276 2226 autem
299 2148 486 2231 Aeschylus
508 2150 569 2213 illis
592 2149 792 2232 temporibus
814 2150 984 2229 tragoedia
1006 2149 1137 2212 floreret
1162 2159 1289 2231 praeter

169 2259 306 2330 esterna,
321 2271 529 2332 quaecunque
553 2272 688 2315 scaenae
705 2259 896 2314 ornamenta
910 2260 965 2314 aut
983 2251 1111 2333 abipso
1121 2250 1290 2331 Aeschylo

169 2361 224 2415 aut
250 2353 292 2416 ab
320 2351 383 2416 alio
411 2345 535 2434 tragico
550 2429 552 2432 Ι
565 2355 669 2416 minus
697 2354 784 2416 claro
807 2362 881 2416 tunc
904 2365 978 2417 sunt
1000 2356 1140 2430 inventa,
1171 2352 1291 2415 tributa

169 2475 241 2518 esse
262 2453 432 2536 Aeschylo
455 2455 717 2518 verisimillimum
741 2463 798 2520 est.

255 2555 323 2619 Suo
346 2559 413 2620 iure
437 2556 642 2638 Aeschylum
664 2566 855 2640 apparatum
879 2558 1059 2620 scaenicum
1082 2557 1211 2618 auxisse
1241 2554 1290 2616 his

170 2667 203 2722 et
242 2667 387 2723 veterum
422 2661 624 2740 scriptorum,
656 2668 688 2722 et
720 2658 850 2723 Goethii
885 2659 986 2720 nostri
1025 2665 1158 2739 apparet
1197 2656 1288 2718 locis:

170 2759 308 2826 Aristot.
329 2761 419 2826 Poet.
442 2781 510 2843 cap.
534 2763 555 2823 6
576 2762 652 2842 §42

248 2913 327 2982 ’ἐπεὶ
355 2913 392 2978 δὲ
421 2910 632 2996 πράττοντες
663 2916 847 2978 ποιοῦνται
879 2912 940 2998 τὴν
970 2913 1120 2997 μίμησιν,
1150 2916 1291 2996 πρῶτον

171 3014 232 3098 μὲν
258 3012 293 3093 ἐξ
319 3009 466 3101 ἀνάγκης
497 3010 540 3080 ἂν
568 3013 618 3100 εἴη
639 3038 674 3079 τι
694 3011 817 3098 μόριον
838 3013 1027 3099 τραγῳδίας
1058 3010 1161 3098 ὁτῆς
1188 3007 1291 3096 dursac

172 3111 305 3200 κόσμος,
328 3109 400 3181 εἶτα
418 3118 596 3200 pratanella
622 3116 678 3181 καὶ
701 3117 794 3195 λέξις·
818 3113 854 3180 ἒν
873 3111 1010 3191 τούτοις
1026 3114 1089 3199 γὰρ
1110 3117 1291 3178 ποιοῦνται

172 3215 236 3300 τὴν
256 3219 401 3302 μίμησιν.

259 3369 338 3432 Hor.
363 3370 423 3451 Ep.
448 3388 475 3448 2,
502 3388 527 3446 1,
551 3386 629 3450 203:

300 3523 409 3585 Tanto
432 3543 505 3586 cum
527 3525 660 3603 strepitu
682 3521 749 3584 ludi
771 3531 956 3604 spectantur
979 3531 1011 3585 et
1032 3532 1117 3586 artes

303 3624 497 3706 divitiaeque
519 3625 721 3705 peregrinae:
746 3625 862 3704 quibus
885 3624 1002 3687 oblitus
1020 3633 1110 3687 actor

302 3745 376 3788 cum
398 3728 487 3788 stetit
509 3728 540 3789 in
562 3746 685 3796 scaena,
710 3728 870 3788 concurrit
892 3729 1028 3790 dextera
1046 3726 1164 3801 laevae,

304 3828 387 3891 dixit
407 3827 513 3890 adhuc
534 3826 671 3908 aliquid?
693 3827 746 3888 Nil
769 3847 854 3889 sane.
891 3826 976 3909 Quid
998 3826 1106 3909 placet
1125 3829 1219 3908 ergo?

303 3929 397 3999 Lana,
414 3929 590 3990 Tarentino
612 3929 715 3991 violas
738 3930 862 3991 imitata
884 3949 1017 3994 veneno.

261 4081 409 4162 Denique
432 4080 588 4144 Goethius
611 4091 722 4146 noster
752 4085 784 4144 in
806 4082 917 4144 Fausti
946 4081 1143 4163 praelatione
1174 4081 1217 4157 ei,
1240 4083 1293 4162 qui

175 4191 304 4263 praeest
325 4185 478 4246 scaenicis
501 4184 692 4264 spectaculis
714 4186 855 4260 edendis,
877 4185 958 4246 haec
980 4183 1089 4247 tribuit
1110 4183 1228 4246 verba:
