3118 5040
696 547 738 555 ...
779 525 823 587 40
866 545 908 554 .-

241 680 413 763 eligentem
432 680 534 761 fingit,
552 679 767 763 perstringere
788 678 928 742 voluisse
951 686 986 740 ut
1009 679 1152 760 ineptum
1175 678 1362 760 sophistam.
1394 680 1395 684 ’

242 781 417 864 Vituperat
443 791 554 846 tamen
580 781 691 845 leniter
720 781 808 844 idem
839 781 938 844 etiam
965 778 1124 861 Aeschyli
1154 782 1295 844 carmina
1326 799 1364 842 ac

242 905 307 946 non
330 887 430 947 modo
454 887 500 946 eis
523 884 663 965 quinque
684 903 763 964 quas
787 903 884 965 supra
906 884 1160 946 commemoravi
1188 885 1230 946 de
1251 881 1363 954 causis,

241 981 354 1050 verum
385 986 483 1051 etiarn
516 988 555 1068 (v.
592 988 691 1068 1297),
723 987 812 1067 quod
844 994 918 1048 sunt
948 985 1032 1048 iusto
1064 985 1220 1066 longiora.
1265 983 1363 1066 Quod

241 1089 484 1152 concedendum
503 1096 553 1150 est
570 1087 791 1169 Aristophani,
814 1108 918 1168 neque
939 1107 1016 1149 vero
1040 1086 1183 1150 oblivisci
1205 1086 1362 1150 debemus

241 1187 321 1252 illius
345 1191 420 1252 dicti
443 1191 532 1270 quod
555 1188 671 1271 legitur
692 1192 779 1271 apud
806 1190 904 1252 vitae·
923 1189 1128 1270 scriptorem:
1160 1188 1363 1268 Aeschylum

240 1312 313 1353 curn
336 1291 567 1371 antiquioribus
593 1294 699 1373 poetis
726 1299 949 1372 comparatum
981 1293 1123 1354 maxime
1145 1311 1217 1354 esse
1238 1290 1363 1372 praedi·

241 1393 386 1468 candum,
410 1393 573 1474 aliquanto
589 1393 771 1456 inferiorern
789 1413 861 1457 esse
878 1393 1118 1475 posterioribus.
1150 1393 1223 1456 Huc
1241 1391 1364 1455 accedit

240 1496 392 1574 —quod
420 1495 597 1558 rectissime
623 1494 850 1576 Bernhardyus
874 1494 894 1556 l.
917 1495 936 1558 l.
960 1513 987 1571 2,
1014 1516 1044 1577 p.
1074 1508 1133 1575 255
1163 1495 1247 1575 (242)
1275 1512 1363 1555 corn-

241 1604 400 1659 memorat
430 1633 473 1642 —
505 1595 707 1677 Aeschylum
745 1604 892 1660 naturam
920 1605 1065 1660 secutum
1097 1617 1169 1660 esse
1198 1595 1363 1678 propriam

240 1715 343 1776 eaque
374 1699 415 1760 de
447 1718 542 1760 causa
573 1706 608 1760 ut
638 1697 804 1761 hominem
835 1700 1036 1780 ingeniosum
1073 1707 1106 1762 et
1141 1698 1312 1761 sublimem
1345 1716 1365 1758 a

172 1811 174 1815 ’
240 1799 472 1878 posterioribus
504 1801 631 1881 saepius
663 1802 794 1863 minime
830 1821 901 1864 esse
937 1799 1132 1865 intellectum
1172 1820 1230 1863 nec
1270 1798 1363 1880 plane

239 1909 457 1981 perspectum.
490 1900 638 1982 Denique
661 1923 725 1964 non
748 1904 964 1967 omittendum
983 1911 1041 1978 est,
1063 1902 1265 1982 Aeschylum
1288 1901 1363 1963 ideo

241 2021 377 2082 quoque,
393 2003 466 2082 quia
481 2023 499 2064 e
514 2005 639 2084 priscae
661 2005 856 2085 antiquitatis
874 2004 983 2068 indole
1001 2004 1189 2070 sublimiora
1211 2001 1363 2088 nonnulla

240 2110 274 2166 et
305 2104 434 2166 duriora
465 2104 607 2180 effinxit,
645 2126 727 2187 quae
758 2107 916 2189 ampliore
947 2107 1124 2170 litteratura
1154 2105 1259 2168 minus
1290 2111 1364 2166 sunt

239 2212 367 2285 aperta,
395 2206 488 2269 nobis
516 2208 615 2270 videri
639 2227 711 2271 esse
744 2207 917 2272 obscurum
949 2230 1023 2271 cum
1054 2209 1200 2283 omnin0,
1224 2215 1300 2271 'tum
1331 2207 1363 2268 in

241 2306 332 2368 chori
354 2308 481 2371 canticis
504 2311 577 2384 suis,
598 2309 637 2371 cs.
659 2310 772 2373 Philol.
797 2326 838 2390 30
854 2331 885 2392 p.
904 2327 965 2392 732
988 2332 1021 2386 s.,
1043 2311 1098 2373 ubi
1120 2308 1362 2373 Heimsoethius

238 2410 280 2470 de
302 2409 459 2490 Aeschyli
484 2411 623 2473 dictione
646 2400 744 2474 verba
767 2411 850 2475 facit.

324 2511 465 2574 Primam
488 2533 606 2586 earum,
629 2534 708 2593 quas
733 2514 833 2576 modo
854 2513 1044 2595 significavi,
1072 2533 1253 2588 causarum,
1285 2533 1360 2575 cum

239 2615 322 2676 iusto
344 2614 461 2676 iudicio
483 2615 678 2694 ponderaret
700 2614 946 2696 Aristophanes,
968 2615 1173 2696 Aeschylum
1195 2615 1362 2696 aptissime

239 2723 405 2795 comparat
427 2734 499 2776 cum
522 2715 719 2796 Phrynicho,
752 2725 850 2798 poeta
873 2719 1064 2797 antiquiore,
1091 2727 1266 2798 postquam
1297 2718 1361 2779 iam

238 2817 326 2878 initio
358 2815 448 2879 huius
481 2818 523 2880 de
553 2817 642 2880 chori
678 2819 810 2881 canticis
846 2819 1029 2882 certaminis
1066 2818 1212 2882 laudibus
1245 2816 1360 2881 extulit

239 2919 379 2980 carmina
404 2918 563 3000 Aeschyli
590 2919 810 3002 pulcherrima.
860 2919 1012 2985 Ceterum
1041 2922 1092 2984 hic
1125 2921 1271 2984 conferas
1298 2920 1359 2984 Ed.

238 3019 364 3082 Mtilleri
386 3020 404 3082 l.
427 3019 446 3084 l.
469 3038 493 3096 1,
516 3042 546 3102 p.
574 3024 747 3102 163-165.

701 3230 902 3238 —--—-

707 3446 810 3530 Caput
833 3447 889 3511 IV.

510 3601 530 3664 l.
548 3601 571 3650 6.
607 3603 648 3650 De
666 3603 788 3666 Aeschyli
806 3619 833 3652 re
851 3603 966 3652 scaenica
985 3602 1083 3652 iudicia.

322 3733 397 3798 Duo
424 3744 549 3798 tanturn
576 3737 627 3800 vel
656 3738 715 3799 tria
743 3738 784 3799 de
811 3735 966 3817 Aeschyli
994 3757 1028 3799 re
1058 3735 1203 3798 scaenica
1226 3734 1352 3815 repperi

238 3834 464 3917 Aristophanis
492 3838 616 3913 iudicia,
651 3857 735 3919 quae
761 3840 902 3901 indicant
927 3836 1129 3918 Aeschylum
1160 3845 1352 3918 apparatum

237 3938 415 4000 scaenicum
442 3938 691 4021 splendidiorem
717 3960 856 4013 amasse,
888 3941 1116 4012 introduxisse,
1147 3939 1287 4001 auxisse.
1310 3974 1353 3983 -

237 4037 290 4101 Ac
319 4041 457 4121 primurn
488 4043 618 4122 quidem
644 4041 827 4123 Euripides,
858 4043 911 4122 qui
943 4040 1146 4122 Aeschylum
1175 4038 1251 4101 nihil
1281 4059 1353 4119 per·

234 4140 381 4220 spicuum
404 4162 549 4206 narrasse
572 4145 702 4218 censuit,
724 4145 770 4206 sic
791 4146 898 4225 pergit
920 4143 999 4206 Ran.
1023 4165 1051 4205 v.
1073 4144 1136 4223 928
1159 4161 1213 4203 ss.:
