3118 5040
600 472 811 536 „31-

149 627 272 686 ornanti
293 623 451 699 Mercurii,
475 625 527 704 qui
550 625 648 704 ipsius
666 625 760 706 JoviS,
783 628 898 688 summi
922 627 1064 701 deorum,
1087 627 1267 708 appellatur

30 767 31 780 ι
148 725 234 801 filius,
258 736 429 806 augeretur
451 727 622 788 auctoritas
647 736 679 788 et
701 729 850 807 gravitas.

229 827 328 889 Priori
363 836 472 890 autem
517 828 769 908 interpretationi
812 830 1045 909 patrocinatum
1086 849 1157 892 esse
1193 829 1267 891 Ari-

146 927 308 991 starchum
332 928 504 990 scholiasta
526 931 693 990 adnotavit
723 930 765 990 ad
795 949 823 990 v.
854 945 935 1006 1144
962 928 1054 1010 (1175
1085 931 1134 991 ed.
1156 929 1265 1007 Dind.)

147 1030 205 1092 sub
238 1030 345 1092 verbis
379 1025 420 1095 οὐ
453 1024 524 1116 δῆτ’
557 1029 694 1107 ἐκεῖνον,
719 1031 816 1110 (sicllz
853 1027 920 1095 Τὸν
952 1027 1068 1096 δόλιον
1099 1028 1268 1114 δηλονότι,

145 1127 227 1197 ἀλλὰ
250 1131 314 1198 τὸν
333 1127 528 1217 Ἐριούνιον.
552 1131 638 1217 πρὸς
661 1131 724 1217 τὴν
746 1131 887 1218 ἐκδοχὴν
909 1137 973 1198 τοῦ
991 1127 1189 1216 Ἐοιουνὶου,
1213 1123 1267 1197 ὅτι

145 1229 206 1299 οὐκ
231 1229 356 1319 ὀρθῶς.
387 1229 601 1319 Ἀρίσταρχος
624 1234 663 1300 δέ
679 1251 758 1320 φησι
776 1238 848 1300 τῶν
869 1231 1055 1320 ἐξηγήσεων
1073 1238 1135 1298 τοῦ
1150 1233 1268 1316 στίχου

30 1371 31 1408 1
145 1333 207 1421 τὴν
238 1335 410 1420 προτέραν
437 1335 523 1404 κατά
552 1334 615 1401 τὸν
642 1335 788 1422 ποιητὴν
817 1335 1043 1418 (Aeschylum)
1067 1330 1161 1413 εἶναι,
1183 1328 1266 1421 ἢνδ

145 1431 328 1522 Εὐριπίδης
356 1435 427 1521 ἐφη.
471 1435 513 1502 τά
552 1441 616 1504 τοῦ
644 1438 727 1522 ἐμοῦ
763 1435 893 1522 πατρὸς
918 1433 1024 1521 κράτη
1056 1433 1267 1514 ἐποπτεύων,

30 1553 31 1604 3
144 1530 181 1614 δς
201 1540 385 1624 κρατηθεὶς
407 1535 475 1604 ὑπὸ
498 1542 570 1604 των
593 1541 669 1623 περὶ
691 1539 860 1624 Αἴγισθον
882 1535 1047 1604 ἀπώλετο.

228 1639 411 1703 Aristarchi
433 1643 623 1704 sententiam
646 1641 834 1705 Schuetzius
857 1651 890 1704 et
912 1639 1117 1715 Fritzschius,
1149 1633 1265 1718 quibus

146 1744 310 1818 assentior,
333 1753 406 1806 suut
425 1744 526 1806 secuti
549 1744 634 1823 iique
657 1742 799 1825 exempli
817 1763 912 1806 causa
931 1741 1103 1804 attulerunt
1121 1738 1265 1821 Choeph.

151 1859 207 1924 117
231 1866 254 1907 s.
280 1847 329 1906 ed.
352 1844 463 1909 Herm.
489 1846 573 1925 (124)
597 1867 640 1907 ex
662 1844 795 1908 Stanleii
818 1845 988 1926 scriptura:

274 1943 356 2020 τούς
377 1948 436 2032 γῆς
458 1943 576 2030 ἐνερθε
600 1946 761 2031 δαίμονας
781 1942 896 2010 κλύειν
917 1943 996 2030 ἐμάς

276 2042 382 2130 εὐχάς,
405 2044 577 2132 πατρῴων
601 2044 768 2133 δωμάτων
791 2042 1001 2122 ἐπισκόπους.

145 2150 183 2211 V.
212 2153 270 2213 118
294 2171 353 2231 pro
377 2147 548 2234 δωμάτων
573 2150 643 2212 libri
665 2152 807 2212 tradunt:
834 2143 867 2212 δ’
880 2143 1042 2232 ὀμμάτων
1063 2148 1107 2210 Μ.
1126 2147 1163 2210 G.
1187 2147 1264 2210 Ald.

145 2252 227 2314 Rob.
251 2251 346 2328 Vter,
369 2248 534 2338 ὀμμάτων
551 2254 658 2327 Turn,
681 2253 884 2313 Hermannus
907 2271 981 2312 cum
1003 2249 1166 2312 Ahrensio
1188 2248 1266 2330 legit

146 2349 306 2438 αἱμάτων.
370 2354 445 2436 Qua
474 2355 515 2417 de
546 2357 721 2435 scripturae
753 2353 931 2416 differentia
960 2351 1013 2414 hic
1045 2352 1202 2414 disserere
1234 2359 1266 2412 et

145 2455 285 2519 iudicare
308 2469 379 2518 are
402 2456 539 2518 alienum
562 2463 619 2518 est.
655 2456 784 2517 Praeter
806 2454 884 2516 illud
907 2463 1015 2516 autem
1038 2453 1124 2515 haud
1143 2461 1265 2515 certum

147 2557 333 2638 exemplum
356 2560 535 2639 comparari
558 2566 666 2639 potest
689 2555 833 2638 Choeph.
856 2577 885 2618 v.
907 2571 968 2636 473
993 2577 1027 2634 s,
1056 2555 1108 2618 ubi
1133 2555 1265 2619 Orestes

147 2659 226 2723 haec
244 2662 299 2723 ait:

271 2758 389 2846 πάτερ,
412 2758 590 2844 τρόποισιν
614 2755 653 2825 οὗ
677 2773 893 2844 τυραννικοῖς
915 2757 1048 2838 θανοάν,

274 2862 464 2946 αἰτουμένῳ
485 2886 543 2947 μοι
566 2860 624 2937 δδς
646 2860 771 2946 κράτος
793 2868 865 2927 τῶν
888 2866 956 2926 οων
979 2858 1104 2946 δόμων.

230 2965 354 3027 Verum
382 2967 507 3028 etiamsi
533 2963 584 3026 hic
612 2966 653 3026 de
679 2985 744 3045 quo
773 2967 878 3045 agitur
907 2964 995 3026 locus
1025 2964 1103 3026 duas
1127 2962 1267 3025 admittit

148 3067 435 3148 interpretationes,
445 3075 554 3128 tamen
572 3067 645 3128 ideo
660 3087 724 3128 non
742 3075 831 3130 recte
839 3066 1070 3147 vituperabitur
1078 3065 1266 3145 Aeschylus.

30 3171 31 3182 ¹
148 3169 255 3230 Multis
279 3169 363 3230 enim
386 3168 519 3230 aliorum
548 3189 677 3250 quoque
704 3169 896 3250 scriptorum
918 3168 1266 3249 praestantissimorum

147 3268 226 3333 locis
254 3270 486 3352 pulcherrimis,
516 3280 587 3333 utra
613 3272 729 3333 rectior
760 3271 802 3332 sit
831 3270 1066 3351 interpretatio,
1097 3270 1267 3350 quaeritur,

148 3393 252 3453 neque
274 3372 358 3435 hanc
380 3372 423 3435 ob
446 3393 515 3435 rem
537 3375 756 3456 vituperantur
778 3375 962 3454 scriptores

233 3475 412 3539 Universos
421 3473 742 3557 Aeschyliprologos
751 3483 784 3537 et
793 3475 835 3537 ab
844 3474 1099 3538 Atheniensibus
1109 3473 1267 3555 Aeschyli

147 3575 332 3658 aequalibus
360 3575 507 3639 facillime
537 3578 681 3657 potuisse
703 3578 840 3658 perspici
867 3597 970 3658 neque
999 3577 1092 3639 nobis
1120 3575 1266 3639 difficiles

148 3698 221 3742 esse
251 3679 294 3741 ad
326 3678 578 3759 intellegendum
609 3681 795 3742 censuerim.
854 3677 951 3760 Quod
982 3679 1008 3740 si
1039 3699 1266 3759 nonnunquam

149 3789 280 3846 exstant
297 3780 358 3843 loci
378 3779 579 3857 difficiliores,
598 3781 703 3844 malae
720 3788 832 3844 textus
850 3781 1031 3842 condicioni
1047 3781 1151 3861 magis
1170 3800 1267 3861 quam

148 3892 266 3964 poetae
287 3883 321 3946 id
343 3884 565 3964 imputandum
587 3892 644 3946 est.

233 3986 360 4049 Deinde
370 3983 640 4066 Choephororum
658 3981 748 4048 initio
764 3987 869 4047 inesse
884 3983 1079 4064 tautologias
1100 3986 1267 4048 contendit

119 4171 120 4178 ἵ
147 4087 319 4168 Euripides
341 4087 609 4168 Aristophanem,
641 4107 739 4167 quam
762 4091 803 4149 ad
825 4107 894 4150 rem
921 4084 959 4150 cf.
987 4085 1102 4150 Bernh.
1134 4085 1194 4151 litt.
1219 4107 1265 4168 gr.
