3118 5040
628 477 839 542 ..45-

261 631 380 694 Altero
402 631 474 694 loco
497 630 683 712 Aeschylus
706 633 775 712 ipse
798 637 844 695 sic
864 634 1006 713 disputat
1028 653 1057 694 v.
1085 647 1165 711 1030
1185 652 1225 696 s:

259 755 367 815 ταῦτα
390 747 453 834 γὰρ
473 747 536 836 χρὴ
553 749 696 836 ποιητὰς
719 745 842 815 ἀσκεῖν.
871 750 991 831 σκέφαι
1017 748 1079 834 γὰρ
1103 744 1160 815 ἀπ’
1186 744 1294 836 ἀρχῆς,

260 847 306 927 ὡς
328 845 490 936 ὠφέλιμοι
512 856 586 916 τῶν
608 856 760 935 ποιητῶν
782 849 814 917 οἱ
837 864 985 936 γενναῖοι
1006 851 1207 936 γεγένηνται.

258 971 417 1049 Extremo
464 979 573 1034 autem
618 969 690 1033 loco
739 969 924 1052 Aeschylus
965 970 1045 1033 haec
1088 970 1226 1050 loquitur
1263 990 1292 1034 v.

179 1085 234 1152 105
241 1072 399 1152 3—1056:

262 1241 269 1254 .
291 1241 300 1254 „
325 1241 331 1254 .
357 1184 591 1272 ἀποκρύπτειν
611 1187 673 1274 χρὴ
696 1188 737 1254 τὸ
759 1187 912 1275 πονηρὸν
933 1186 997 1254 τόν
1020 1213 1055 1273 γε
1077 1188 1223 1276 ποιητὴν

258 1292 313 1356 καὶ
330 1290 375 1376 μὴ
384 1288 547 1375 παράγειν
554 1291 637 1374 μηδὲ
647 1287 826 1355 διδάσκειν.
845 1291 986 1374 τοῖςμὲν
997 1289 1059 1373 γὰρ
1067 1291 1295 1374 παιδαρίοισιν

233 1451 236 1458 ,
261 1390 330 1457 ἔστι
353 1389 555 1468 διδάσκαλος
577 1384 669 1468 ὅστις
691 1389 822 1475 φράζει,
845 1403 917 1467 τοῖς
938 1389 1065 1476 ἡβῶσιν
1087 1391 1124 1457 δὲ
1146 1394 1292 1478 ποιηταί.
1357 1441 1360 1448 .

257 1491 349 1559 πάνυ
372 1493 413 1580 δὴ
436 1494 486 1558 δεῖ
506 1491 631 1578 χρηστὰ
654 1493 761 1577 λέγειν
783 1490 876 1579 ἡμᾶς.

259 1611 383 1694 Quibus
405 1611 484 1674 locis
506 1613 646 1674 dilucide
668 1610 873 1692 significatur,
903 1620 1103 1692 quantopere
1132 1632 1170 1675 ea
1199 1615 1230 1674 in
1260 1635 1293 1676 re

175 1715 382 1777 dissenserint
404 1712 519 1776 Graeci
542 1714 664 1793 antiqui
686 1734 704 1775 a
726 1713 827 1775 nobis.
871 1713 1012 1775 Primum
1043 1714 1128 1774 enim
1154 1735 1173 1776 a
1201 1716 1292 1794 poesi

173 1835 232 1876 nos
250 1835 314 1877 non
332 1825 399 1878 tam
418 1816 588 1895 exigimus,
606 1823 640 1877 ut
658 1813 784 1877 utilitati
803 1815 844 1876 sit
861 1834 959 1894 quam
973 1815 1140 1897 voluptati.
1167 1815 1293 1878 Deinde

173 1925 290 1998 poetae
330 1919 536 1979 recentiores:
580 1915 840 1997 Shakespearus‚
880 1915 1086 1996 Lessingiu5‚
1126 1916 1292 1993 Goethius

173 2018 356 2094 Schillerus,
389 2019 439 2080 alii
462 2018 624 2099 quaelibet
646 2017 765 2098 flagitia
787 2020 919 2080 minime
944 2020 1085 2098 tegenda
1107 2040 1179 2082 esse
1200 2030 1292 2102 puta·

173 2120 250 2182 bant
272 2122 372 2182 immo
396 2119 531 2183 fecunda
553 2121 698 2183 oratione
721 2119 945 2195 describenda,
969 2141 1080 2183 verum
1102 2123 1204 2184 itaut
1226 2123 1291 2184 vin-

172 2231 281 2284 cantur
311 2231 478 2303 postremo
510 2221 583 2284 mali
615 2244 633 2284 a
663 2221 765 2284 bonis.
790 2257 827 2266 —
855 2221 927 2303 Qua
958 2224 990 2285 in
1020 2242 1056 2284 re
1085 2225 1291 2304 antiquorum

171 2323 371 2406 disciplinam
393 2334 521 2386 secutus
544 2334 594 2387 est
617 2322 805 2404 Sophocles
827 2323 994 2405 Euripides
1017 2334 1067 2387 est
1088 2326 1178 2405 quasi
1200 2346 1291 2406 prac-

172 2447 282 2488 cursor
310 2429 537 2500 recentiorum,
556 2426 644 2506 quod
667 2427 905 2488 demonstratur
926 2424 1096 2507 Sophoclis
1119 2428 1205 2489 dicto
1227 2425 1290 2489 hoc

171 2525 308 2594 Aristot.
326 2529 415 2591 Poet.
435 2542 490 2608 25:
513 2531 694 2613 Σοφοκλῆς
711 2525 773 2612 έφη
792 2522 895 2603 αὐτὸς
911 2528 972 2612 μέν
991 2525 1084 2606 οἵους
1102 2529 1155 2593 δεῖ
1169 2540 1291 2606 ποιεῖν,

171 2623 358 2714 Εὐριπίδην
381 2629 417 2694 δὲ
440 2625 507 2695 οἶοι
530 2629 621 2696 εἰσίν.

256 2732 382 2795 Deinde
393 2732 499 2795 verbis
518 2734 635 2813 apertis
645 2733 786 2794 comicus
796 2730 999 2813 Aeschylum
1008 2733 1290 2814 prudentissimum

171 2834 327 2914 significat
359 2836 461 2897 allatis
494 2835 619 2897 duobus
651 2836 794 2897 eiusdem
827 2835 977 2898 consiliis,
1026 2833 1172 2915 Quorum
1204 2835 1290 2914 prius

171 2936 373 2998 notissimum
395 2936 471 2998 illud
495 2945 544 2999 est
567 2937 688 2999 dictum
712 2937 791 2998 Ran.
814 2958 843 2998 v.
872 2952 962 3016 1431.
988 2953 1041 3016 33:

300 3049 342 3119 οὐ
362 3053 422 3140 χρὴ
445 3054 584 3129 λέοντος
607 3051 756 3138 σκύμνον
778 3054 815 3120 ἐν
836 3051 933 3120 πόλει
951 3056 1095 3140 τρέφειν·

299 3150 341 3240 ἢν
364 3150 395 3219 δ’
407 3156 557 3240 ἐκτραφῇ
579 3179 639 3235 τις,
662 3167 734 3231 τοῖς
751 3152 894 3238 τρόποις
915 3154 1105 3242 ὑπηρετεῖν.

258 3273 408 3337 Alterum
431 3275 596 3337 consilium
617 3274 680 3336 hoc
703 3283 753 3336 est
774 3295 803 3340 v.
830 3276 1009 3355 1463—65:

299 3374 362 3463 τὴν
385 3381 447 3462 γῆν
470 3368 555 3441 ὅταν
578 3377 739 3461 νομίσωσι
761 3374 825 3462 τὴν
846 3381 919 3441 τῶν
940 3378 1110 3462 πολεμίων

300 3473 386 3543 εἶναι
408 3479 581 3560 σφετέραν,
603 3475 666 3562 τὴν
690 3477 725 3542 δὲ
749 3478 912 3562 σφετέραν
936 3483 1008 3542 τῶν
1030 3478 1212 3562 πολεμίων,

297 3576 408 3664 πόρον
431 3580 467 3644 δὲ
490 3578 550 3654 τὰς
572 3582 664 3657 ναῦς,
688 3573 833 3663 ἀπορίαν
856 3580 892 3644 δὲ
915 3580 978 3646 τὸν
999 3576 1118 3662 πόρον.

258 3680 350 3762 Quae
368 3681 498 3762 quidem
517 3679 648 3743 consilia
663 3681 809 3743 universa
820 3702 885 3743 non
898 3683 1119 3744 contradicunt
1133 3680 1288 3762 Aeschyli

170 3782 315 3863 ingeni0,
347 3784 404 3846 sed
434 3803 544 3845 versus
579 3783 784 3862 1463—1465
809 3782 970 3864 Euripidis
998 3782 1087 3845 olent
1109 3783 1288 3845 doctrinam

171 3883 388 3966 sophisticam.
459 3883 599 3947 Versum
631 3893 738 3946 autem
773 3886 849 3963 1465
885 3885 944 3948 Ed.
975 3883 1128 3946 Mtillerus
1160 3884 1178 3947 l.
1210 3882 1230 3946 l.
1264 3900 1288 3960 1,

171 4005 202 4067 p.
229 4000 286 4066 177
309 3985 395 4048 haud
418 3995 505 4048 recte
526 3986 662 4049 vertisse
686 3988 813 4048 videtur
840 4006 912 4047 cum
940 3987 1180 4066 interpretatur:
1209 3982 1287 4047 ‘und

172 4097 279 4168 ertrag
310 4089 355 4150 sei
378 4087 533 4163 schiffart,
559 4086 653 4167 jeder
682 4090 799 4150 andere
830 4096 938 4168 ertrag
964 4096 1055 4150 sonst
1082 4080 1286 4166 miszertrag.'
