3118 5040
699 548 907 627 ..33-

246 715 502 796 lrequentiorem
525 719 665 779 musicae
682 735 785 797 genus
804 717 968 778 vetustius.
1002 715 1087 778 Nam
1110 717 1151 778 ad
1174 715 1369 798 epiphthog-

246 819 383 882 maticos
406 829 530 882 tantum
553 837 664 881 versus
687 817 805 881 tibicen
827 818 955 900 videtur
976 818 1136 880 cecinisse.
1206 887 1209 894 ,

330 919 428 984 Alter
444 920 574 1002 quidem
592 939 704 982 versus
721 919 916 982 intercalaris
935 918 1012 981 item
1031 919 1197 1000 quinquies
1212 920 1372 1002 repetitus

247 1021 389 1085 continet
410 1021 510 1085 verba

373 1119 638 1206 φλαττοθράττο
662 1118 893 1206 φλαττοθράτ.

332 1229 402 1304 Qua
426 1227 467 1304 de
490 1227 570 1288 mira
592 1223 790 1305 syllabarum
820 1225 1044 1287 coniunctione
1071 1225 1242 1288 scholiasta
1271 1227 1312 1288 ad
1335 1247 1370 1288 v.

250 1318 330 1392 12'86
353 1330 456 1408 (1319)
479 1317 558 1391 haec
580 1336 703 1392 censet:
737 1331 847 1407 Τοῦτο
869 1325 956 1410 λέγει
978 1323 1151 1410 χλευάζων
1178 1324 1225 1404 ὡς
1251 1321 1373 1394 ἀσυνε-

246 1423 399 1494 τοποιόν.
420 1429 510 1505 τινες
534 1428 571 1494 δὲ
589 1424 646 1493 καὶ
664 1433 877 1514 σημειοῦνται
893 1421 988 1508 αὐτὸ,
1004 1420 1058 1494 ὅτι
1074 1434 1145 1494 τῶν
1163 1430 1376 1514 διορθωτιῦν·

245 1531 334 1607 τινες
362 1535 532 1614 περιεῖλον
567 1529 628 1607 τὰς
654 1527 814 1607 τοιαύτας
834 1529 872 1596 έν
900 1541 973 1606 τοῖς
1011 1531 1120 1615 μέλεσι
1158 1533 1371 1614 προσθέσεις.

246 1633 373 1696 Trib'uit
394 1635 491 1714 igitur
513 1633 683 1696 scholiasta
705 1633 778 1696 huic
796 1633 902 1696 versui
920 1631 1096 1697 intercalari
1115 1653 1187 1696 eam
1205 1634 1272 1698 lere
1293 1636 1373 1709 vim,

247 1755 345 1817 quam
377 1737 462 1817 apud
490 1757 549 1798 nos
580 1735 679 1798 habet
709 1736 844 1798 verbum
871 1735 921 1798 bis
947 1737 1086 1817 positum
1112 1731 1376 1818 ‘papperlapapp

245 1826 509 1919 papperlapappss'
538 1837 643 1899 Minus
657 1845 734 1917 apte
753 1857 805 1899 me
816 1838 921 1900 iudice
938 1838 995 1900 sed
1014 1837 1159 1900 similiter
1177 1836 1376 1901 Welckerus

248 1939 344 2002 vertit
367 1935 434 2002 ‘die
461 1933 917 2021 plapperrappelplapperdat.>
979 1939 1081 2002 Simul
1108 1939 1282 2003 scholiasta
1314 1939 1371 2002 ali-

249 2059 350 2116 orum,
369 2043 423 2122 qui
447 2040 611 2104 obsoletas
635 2061 705 2104 esse
728 2042 886 2104 eiusmodi
908 2041 1091 2104 additiones
1114 2051 1252 2116 censent,
1278 2041 1374 2105 affert

247 2145 448 2206 sententiam.
1100 2149 1101 2153 ’

334 2245 544 2308 Recentiores
566 2247 647 2308 inter
665 2265 747 2326 quos
765 2243 964 2324 Droysenus,
986 2243 1190 2324 FritzschiuS,
1213 2245 1375 2321 Kockius,

248 2347 301 2426 qui
324 2345 413 2427 lyrae
435 2367 533 2409 sonos
561 2346 671 2409 melius
699 2346 883 2427 intellegere
910 2347 971 2409 sibi
998 2348 1145 2409 videntur
1166 2361 1270 2428 'quam
1301 2348 1377 2429 ipse

246 2447 393 2525 Bacchus
416 2443 655 2533 Μελπόμενος,
687 2468 850 2511 musarum
881 2450 1012 2524 amicus,
1044 2447 1083 2514 cl.
1116 2469 1244 2511 versum
1273 2469 1376 2530 quem

247 2548 327 2612 inlra
349 2549 481 2612 afferam
507 2551 597 2631 1296,
621 2571 663 2614 ex
690 2551 835 2614 versibus
862 2553 937 2613 1281
964 2570 1000 2628 s,
1031 2552 1084 2631 qui
1110 2551 1274 2613 continent
1306 2551 1376 2614 Eu·

247 2651 358 2731 ripidis
381 2650 484 2713 verba
507 2651 599 2714 haec:

375 2748 430 2838 μή,
452 2753 533 2834 πρίν
555 2747 582 2835 γ’
595 2745 740 2837 ἀκούσῃς
761 2747 907 2838 χάτέραν
929 2749 1047 2819 στάσιν
1069 2757 1182 2840 μελῶν

377 2843 414 2918 ἐκ
437 2858 509 2919 τῶν
531 2855 773 2940 κιθαρῳδικῶν
792 2853 909 2942 νόμων
933 2855 1155 2942 εἰργασμένην.

249 2953 450 3024 concludunt.
472 2956 535 3019 hoc
557 2957 599 3019 de
622 2979 686 3038 quo
708 2960 833 3039 agimus
855 2978 949 3021 versu
972 2958 1112 3022 citharae
1142 2979 1240 3021 sonos
1270 2960 1375 3022 imita·

249 3061 337 3122 tione
356 3057 500 3140 exprimi.
528 3059 640 3141 Itaque
658 3059 848 3141 Droysenus
864 3063 959 3123 vertit
974 3060 1071 3124 tubae
1089 3082 1204 3123 sonum
1220 3058 1376 3124 ‘schned-

250 3161 461 3242 derengdeng
482 3155 673 3242 dangdeng?

334 3262 458 3324 Verum
489 3272 635 3325 veterum
665 3263 849 3327 testimonia
887 3282 1019 3344 prorsus
1054 3264 1151 3326 alium
1190 3265 1374 3346 significant

251 3363 394 3426 citharae
416 3366 484 3427 sive
506 3364 596 3445 lyrae
618 3385 743 3428 sonum.
787 3364 874 3428 Dicit
898 3367 983 3428 enim
1005 3367 1093 3446 apud
1115 3365 1374 3449 Aristophanem

253 3500 296 3511 -
318 3465 398 3527 Plut.
423 3481 485 3546 290
507 3503 546 3512 —-
571 3465 688 3529 Carion
709 3467 803 3530 haec:
1110 3469 1113 3475 ’

381 3567 437 3632 καὶ
459 3566 525 3652 μὴν
546 3565 612 3653 ἐγώ
634 3565 839 3654 βουλήσομαι
861 3567 1069 3653 θρεττανελὸ
1093 3569 1155 3636 τὸν
1177 3567 1352 3636 Κύκλωπα

380 3666 584 3753 μιμούμενος
601 3667 658 3734 καὶ
679 3681 756 3736 τοῖν
778 3671 902 3737 ποδοῖν
924 3668 987 3736 ὡδὶ
1008 3669 1268 3757 παρενσαλεύων

379 3767 464 3855 ὑμᾶς
486 3765 590 3850 ἄγειν.
613 3776 684 3838 κτλ.

255 3870 347 3953 Quae
370 3873 412 3934 ad
435 3873 535 3938 verba
558 3875 675 3938 chorus
698 3896 792 3938 versu
816 3877 878 3956 296
900 3895 925 3941 s.
948 3878 993 3939 sic
1015 3877 1204 3957 respondet:

381 3971 474 4060 ἡμεῖς
496 3978 533 4042 δέ
553 3971 580 4062 γ’
593 3967 635 4042 αὖ
659 3973 842 4064 ζητήσομεν
863 3976 1069 4063 θρεττανελὸ
1092 3977 1156 4044 τὸν
1178 3975 1354 4045 Κύκλωπα

379 4076 595 4163 βληχώμενοι,
616 4083 686 4144 κτλ.
1287 4149 1290 4154 ,

339 4177 520 4244 Scholiasta
542 4182 673 4262 quidem
695 4184 736 4246 ad
755 4181 834 4245 Plut.
857 4197 920 4264 290
941 4183 1023 4246 inter
1043 4184 1105 4246 alia
1122 4184 1201 4246 haec
1224 4187 1376 4248 adnotat:
