3118 5040
717 494 926 556 ,34-

565 647 600 710 τί
621 667 707 710 ποτε
728 645 864 729 πρᾶγμα
885 642 1073 731 γενήσεται;

566 747 762 831 φροντίζειν
783 743 847 831 γὰρ
869 742 962 831 ’ἔγωγ’
987 744 1061 829 ἔγω,

618 841 682 912 τίν>
708 840 776 931 δ’ριι
796 848 922 931 μέμψιν
946 846 1073 912 ἐποίσει

568 944 668 1034 ἀνδρὶ
691 954 741 1033 τῷ
763 947 853 1014 πολὺ
875 954 1015 1016 πλεῖστοι
1038 946 1078 1035 δὴ

569 1052 626 1116 καί
648 1047 809 1117 κάλλιστα
829 1052 911 1136 μέλη
932 1048 1028 1137 ποιή-

622 1169 719 1217 σαντι
741 1156 813 1217 τῶν
835 1150 885 1217 ἔτι
908 1155 994 1218 νονί.

348 1255 518 1335 Euripides
534 1273 606 1316 eam
621 1253 710 1316 chori
726 1253 1000 1318 exclamationem
1018 1254 1064 1316 sic
1080 1243 1201 1336 excipit
1214 1273 1244 1317 v.
1256 1255 1333 1316 1261
1347 1275 1390 1318 s.:

390 1350 482 1420 πάνυ
503 1378 540 1439 γε
561 1355 641 1440 μέλη
663 1352 851 1439 θαυμαστοί·
875 1353 975 1434 δείξει
999 1353 1040 1438 δὴ
1062 1352 1155 1438 τάχα.

391 1455 438 1531 είς
460 1455 497 1522 ἓν
519 1454 583 1539 γὰρ
606 1452 714 1521 αὐτοῦ
735 1452 850 1521 πάντα
871 1454 914 1521 τὰ
935 1456 1016 1541 μέλη
1038 1459 1198 1541 ξυντεμῶ.

352 1557 458 1640 Quem
481 1558 524 1620 ad
545 1557 653 1620 locum
676 1557 822 1621 conseras
844 1579 873 1620 v.
900 1573 988 1632 1200,
1019 1578 1083 1639 quo
1113 1579 1245 1640 prorsus
1273 1556 1391 1621 eadem
1422 1578 1430 1596 ·

263 1661 387 1724 ratione
409 1658 593 1740 Aeschylus
616 1660 658 1722 de
680 1659 841 1741 Euripidis
863 1657 1007 1740 prologis
1030 1661 1077 1720 sic
1097 1659 1233 1723 iudicat:

397 1756 465 1826 ἀπὸ
489 1761 655 1845 ληκυθίου
677 1757 759 1835 τούς
780 1755 972 1844 προλόγους
994 1760 1178 1844 διαφθερῶ.

349 1863 519 1943 Euripides
542 1861 638 1942 igitur
659 1861 724 1923 iam
752 1860 861 1923 ulcisci
891 1861 960 1922 vult
986 1861 1128 1923 iniuriam
1155 1860 1262 1925 verbis
1291 1856 1393 1946 ληκύ-

264 1971 346 2031 θιον
369 1959 544 2029 ἀπώλεσεν
565 1983 661 2044 supra
683 1960 812 2028 illatam.

352 2064 501 2147 Quinque
524 2072 633 2127 autem
655 2064 858 2145 potissimum
881 2062 925 2125 ob
947 2082 1060 2126 causas
1082 2061 1242 2143 Aeschyli
1264 2065 1394 2126 cantica

266 2167 438 2248 Euripides
461 2167 578 2239 irridet,
601 2186 684 2247 quae
706 2173 780 2226 sunt
801 2162 876 2227 hae:
907 2163 1053 2226 dictionis
1080 2164 1261 2228 obscuritas
1284 2185 1394 2227 armo·

265 2289 400 2349 rumque
422 2269 453 2330 in
476 2266 633 2348 Aeschyli
656 2265 770 2328 sabulis
789 2266 949 2346 strepitus,
973 2285 1083 2328 versus
1103 2263 1395 2347 epiphthegmatici

265 2371 298 2432 in
325 2369 485 2450 Aeschyli
513 2367 628 2431 fabulis
660 2367 856 2430 usitatissimi
882 2403 923 2412 -
950 2365 990 2430 cf.
1022 2365 1214 2443 Schneider,
1241 2367 1394 2450 Theoph.

265 2470 336 2535 Car.
357 2470 446 2546 Guil,
476 2471 528 2533 De
555 2469 858 2551 epiphthegmaticis
888 2467 1035 2532 versibus
1065 2466 1232 2549 Aeschyli.
1274 2469 1395 2550 Gymn.

265 2573 388 2636 Vimar.
421 2592 529 2654 progr.
564 2575 592 2634 8.
622 2570 721 2651 Jenae
760 2572 840 2650 1829
877 2605 926 2645 -‚
965 2568 1063 2652 longa
1094 2568 1146 2632 illa
1177 2578 1210 2633 et
1244 2571 1398 2651 graviora

266 2682 369 2736 metra
397 2671 556 2753 dactylica
588 2681 621 2734 et
653 2670 1031 2752 dactylico-logaoedica,
1062 2670 1178 2752 quibus
1205 2668 1396 2755 Aeschylus

266 2774 422 2836 Aeolicos
441 2774 559 2854 lyricos
581 2775 724 2836 imitatus
748 2781 805 2847 est,
828 2792 886 2853 pes
909 2772 1031 2834 orthius
1045 2773 1090 2852 (ἑ
1099 2771 1144 2852 Ξ)
1163 2792 1201 2834 ac
1218 2773 1396 2840 trochaeus

265 2883 431 2938 semantus
454 2875 497 2954 (δ,
506 2879 551 2953 Α)
573 2877 700 2956 saepius
731 2873 881 2948 adhibiti,
914 2875 1033 2936 musica
1064 2874 1229 2950 vetustior,
1256 2874 1295 2938 ci
1322 2876 1398 2939 Plu·

266 2977 369 3039 tarch.
393 2975 505 3038 Moral.
536 2996 567 3057 p.
598 2993 676 3055 1133
706 2976 742 3038 F.
771 2989 852 3051 1140
874 2975 909 3035 F.
933 3010 973 3020 —
996 2974 1109 3038 Herm.
1141 2974 1191 3036 El.
1221 2977 1324 3040 doctr.
1352 2998 1399 3056 m,

266 3097 297 3158 p.
322 3079 385 3140 260
407 3097 448 3139 ss.
473 3078 537 3140 660
560 3098 601 3142 ss.
625 3076 745 3158 Opusc.
765 3097 796 3159 p.
819 3091 878 3137 120
896 3095 937 3140 ss.
956 3110 997 3121 —
1015 3074 1205 3139 Gaislordus
1224 3077 1266 3140 ad
1284 3078 1397 3160 Heph.

266 3197 298 3258 p.
321 3191 392 3257 275.
414 3177 609 3240 Fritzschius
633 3178 692 3243 Ar.
714 3179 795 3243 Ran.
817 3197 848 3258 p.
873 3181 935 3257 378
958 3197 982 3240 s.

352 3279 611 3360 Perstringuntur
633 3288 741 3342 autem
760 3279 916 3358 Aeschyli
935 3279 1059 3340 cantica
1076 3279 1222 3342 versibus
1240 3279 1395 3363 Aeschy-

265 3380 323 3446 leis
346 3380 433 3443 nulla
455 3382 580 3443 ratione
608 3390 641 3444 et
668 3380 784 3442 iudicio
811 3380 1001 3461 compositis
1029 3389 1062 3444 et
1088 3400 1183 3444 versu
1211 3381 1399 3447 intercalari

264 3481 399 3561 singulis
414 3481 559 3544 versibus
568 3479 763 3561 Aeschyleis
779 3479 924 3542 subiecto
940 3480 1003 3543 hoc
1014 3482 1113 3543 modo
1123 3503 1153 3543 v.
1170 3484 1400 3568 1264-—12772

267 3578 398 3648 ‹Pdcrfir’
421 3578 578 3665 Ἀχιλλεῦ,
601 3583 634 3646 τί
658 3576 734 3647 ποτ’
761 3576 1011 3665 ἀνδροδάικτον
1034 3576 1171 3648 ἀκούων
1312 3589 1400 3668 1264

344 3683 386 3768 ’ἰὴ
408 3681 520 3748 κόπον
543 3677 584 3748 οὐ
606 3680 770 3758 πελάθεις
791 3676 840 3748 ἐπ’
864 3676 1021 3767 ἀρωγάν;

263 3783 390 3869 Ἑρμᾶν
412 3786 473 3869 μὲν
490 3780 664 3868 πρόγονον
686 3785 803 3868 τίομεν
826 3782 924 3860 γένος
946 3780 978 3848 οἱ
1001 3785 1077 3866 περὶ
1099 3786 1230 3870 λίμναν.
1313 3791 1401 3854 1266

353 3884 386 3970 ἰὴ
408 3882 519 3951 κόπον
541 3889 612 3950 κτλ.

267 3982 393 4053 κύδιστ’
403 3981 695 4070 ἈχαιῶνἎτρέοις
708 3986 934 4069 πολυκοίρανε
952 3981 1111 4069 μάνθανέ
1126 4012 1193 4072 μου
1208 4003 1280 4056 ποιῑ.
1313 4008 1401 4076 1270

353 4087 382 4152 ίί
409 4083 520 4152 κόπον
541 4091 612 4152 κτλ.
