<?xml version="1.0" encoding="UTF-8"?>
<!DOCTYPE html PUBLIC "-//W3C//DTD XHTML 1.0 Transitional//EN"
    "http://www.w3.org/TR/xhtml1/DTD/xhtml1-transitional.dtd">
<html xmlns="http://www.w3.org/1999/xhtml" xml:lang="en" lang="en">
 <head>
  <title>
</title>
<meta http-equiv="Content-Type" content="text/html;charset=utf-8" />
  <meta name='ocr-system' content='tesseract 3.04.00' />
  <meta name='ocr-capabilities' content='ocr_page ocr_carea ocr_par ocr_line ocrx_word'/>
</head>
<body>
  <div class='ocr_page' id='page_1' title='image "aristophanisdea01henngoog_0012.png"; bbox 0 0 3118 5040; ppageno 0'>
   <div class='ocr_carea' id='block_1_1' title="bbox 274 1339 1388 1563">
    <p class='ocr_par' dir='ltr' id='par_1_1' title="bbox 274 1339 1388 1563">
     <span class='ocr_line' id='line_1_1' title="bbox 809 1339 852 1413; baseline 0 0"><span class='ocrx_word' id='word_1_1' title='bbox 809 1339 852 1413; x_wconf 86' lang='grc' dir='ltr'>Α.</span> 
     </span>
     <span class='ocr_line' id='line_1_2' title="bbox 274 1463 1388 1563; baseline 0.002 -19"><span class='ocrx_word' id='word_1_2' title='bbox 274 1467 347 1545; x_wconf 87' lang='lat' dir='ltr'>De</span> <span class='ocrx_word' id='word_1_3' title='bbox 360 1464 1043 1563; x_wconf 85' lang='lat' dir='ltr'>Aristophanesummorum</span> <span class='ocrx_word' id='word_1_4' title='bbox 1063 1463 1244 1545; x_wconf 87' lang='lat' dir='ltr'>aetatis</span> <span class='ocrx_word' id='word_1_5' title='bbox 1266 1483 1388 1546; x_wconf 87' lang='lat' dir='ltr'>suae</span> 
     </span>
    </p>
   </div>
   <div class='ocr_carea' id='block_1_2' title="bbox 563 1599 1091 1701">
    <p class='ocr_par' dir='ltr' id='par_1_2' title="bbox 563 1599 1091 1701">
     <span class='ocr_line' id='line_1_3' title="bbox 563 1599 1091 1701; baseline 0 -21"><span class='ocrx_word' id='word_1_6' title='bbox 563 1600 878 1701; x_wconf 81' lang='lat' dir='ltr'>tragicorum</span> <span class='ocrx_word' id='word_1_7' title='bbox 906 1599 1091 1680; x_wconf 87' lang='lat' dir='ltr'>iudice.</span> 
     </span>
    </p>
   </div>
   <div class='ocr_carea' id='block_1_3' title="bbox 206 1803 1393 4235">
    <p class='ocr_par' dir='ltr' id='par_1_3' title="bbox 272 1803 1390 2192">
     <span class='ocr_line' id='line_1_4' title="bbox 356 1803 1387 1887; baseline -0.002 -18"><span class='ocrx_word' id='word_1_8' title='bbox 356 1807 544 1887; x_wconf 87' lang='lat' dir='ltr'>Priusquam</span> <span class='ocrx_word' id='word_1_9' title='bbox 575 1806 700 1886; x_wconf 87' lang='lat' dir='ltr'>singula</span> <span class='ocrx_word' id='word_1_10' title='bbox 731 1804 965 1886; x_wconf 69' lang='lat' dir='ltr'>Aristophanis</span> <span class='ocrx_word' id='word_1_11' title='bbox 993 1807 1034 1868; x_wconf 91' lang='lat' dir='ltr'>de</span> <span class='ocrx_word' id='word_1_12' title='bbox 1067 1803 1237 1884; x_wconf 88' lang='lat' dir='ltr'>Aeschylo</span> <span class='ocrx_word' id='word_1_13' title='bbox 1271 1805 1387 1868; x_wconf 90' lang='lat' dir='ltr'>iudicia</span> 
     </span>
     <span class='ocr_line' id='line_1_5' title="bbox 272 1891 1389 1988; baseline -0.003 -17"><span class='ocrx_word' id='word_1_14' title='bbox 272 1928 452 1988; x_wconf 90' lang='lat' dir='ltr'>compono,</span> <span class='ocrx_word' id='word_1_15' title='bbox 484 1907 706 1970; x_wconf 88' lang='lat' dir='ltr'>disserendum</span> <span class='ocrx_word' id='word_1_16' title='bbox 737 1907 796 1968; x_wconf 85' lang='lat' dir='ltr'>erit</span> <span class='ocrx_word' id='word_1_17' title='bbox 827 1907 957 1968; x_wconf 90' lang='lat' dir='ltr'>omnino</span> <span class='ocrx_word' id='word_1_18' title='bbox 989 1908 1030 1968; x_wconf 91' lang='lat' dir='ltr'>de</span> <span class='ocrx_word' id='word_1_19' title='bbox 1060 1909 1127 1969; x_wconf 90' lang='lat' dir='ltr'>eius</span> <span class='ocrx_word' id='word_1_20' title='bbox 1149 1926 1281 1969; x_wconf 85' lang='lat' dir='ltr'>censura</span> <span class='ocrx_word' id='word_1_21' title='bbox 1302 1891 1389 1969; x_wconf 87' lang='lat' dir='ltr'>sum-</span> 
     </span>
     <span class='ocr_line' id='line_1_6' title="bbox 272 2008 1390 2089; baseline 0 -19"><span class='ocrx_word' id='word_1_22' title='bbox 272 2029 399 2071; x_wconf 91' lang='lat' dir='ltr'>morum</span> <span class='ocrx_word' id='word_1_23' title='bbox 421 2013 536 2073; x_wconf 91' lang='lat' dir='ltr'>aetatis</span> <span class='ocrx_word' id='word_1_24' title='bbox 560 2029 637 2072; x_wconf 89' lang='lat' dir='ltr'>suae</span> <span class='ocrx_word' id='word_1_25' title='bbox 659 2009 864 2089; x_wconf 86' lang='lat' dir='ltr'>tragicorum,</span> <span class='ocrx_word' id='word_1_26' title='bbox 887 2010 928 2071; x_wconf 91' lang='lat' dir='ltr'>de</span> <span class='ocrx_word' id='word_1_27' title='bbox 950 2029 1014 2089; x_wconf 88' lang='lat' dir='ltr'>qua</span> <span class='ocrx_word' id='word_1_28' title='bbox 1036 2008 1251 2072; x_wconf 89' lang='lat' dir='ltr'>diversissime</span> <span class='ocrx_word' id='word_1_29' title='bbox 1274 2017 1323 2070; x_wconf 89' lang='lat' dir='ltr'>est</span> <span class='ocrx_word' id='word_1_30' title='bbox 1345 2009 1390 2070; x_wconf 94' lang='lat' dir='ltr'>iu·</span> 
     </span>
     <span class='ocr_line' id='line_1_7' title="bbox 272 2110 922 2192; baseline 0 -20"><span class='ocrx_word' id='word_1_31' title='bbox 272 2111 412 2173; x_wconf 89' lang='lat' dir='ltr'>dicatum</span> <span class='ocrx_word' id='word_1_32' title='bbox 435 2121 531 2192; x_wconf 90' lang='lat' dir='ltr'>atque</span> <span class='ocrx_word' id='word_1_33' title='bbox 554 2113 736 2175; x_wconf 86' lang='lat' dir='ltr'>etiamnunc</span> <span class='ocrx_word' id='word_1_34' title='bbox 757 2110 922 2172; x_wconf 83' lang='lat' dir='ltr'>iudicatur.</span> 
     </span>
    </p>

    <p class='ocr_par' dir='ltr' id='par_1_4' title="bbox 270 2211 1391 3110">
     <span class='ocr_line' id='line_1_8' title="bbox 356 2211 1391 2295; baseline -0.003 -19"><span class='ocrx_word' id='word_1_35' title='bbox 356 2214 408 2276; x_wconf 89' lang='lat' dir='ltr'>Ac</span> <span class='ocrx_word' id='word_1_36' title='bbox 437 2214 597 2295; x_wconf 84' lang='lat' dir='ltr'>prioribus</span> <span class='ocrx_word' id='word_1_37' title='bbox 627 2214 757 2294; x_wconf 92' lang='lat' dir='ltr'>quidem</span> <span class='ocrx_word' id='word_1_38' title='bbox 785 2212 986 2294; x_wconf 86' lang='lat' dir='ltr'>temporibus</span> <span class='ocrx_word' id='word_1_39' title='bbox 1012 2232 1114 2292; x_wconf 92' lang='lat' dir='ltr'>usque</span> <span class='ocrx_word' id='word_1_40' title='bbox 1136 2214 1178 2275; x_wconf 91' lang='lat' dir='ltr'>ad</span> <span class='ocrx_word' id='word_1_41' title='bbox 1200 2214 1287 2293; x_wconf 86' lang='lat' dir='ltr'>Aug.</span> <span class='ocrx_word' id='word_1_42' title='bbox 1310 2211 1391 2276; x_wconf 89' lang='lat' dir='ltr'>Guil.</span> 
     </span>
     <span class='ocr_line' id='line_1_9' title="bbox 271 2314 1389 2397; baseline -0.003 -19"><span class='ocrx_word' id='word_1_43' title='bbox 271 2314 502 2397; x_wconf 85' lang='lat' dir='ltr'>Schlegelium‚</span> <span class='ocrx_word' id='word_1_44' title='bbox 525 2317 578 2397; x_wconf 92' lang='lat' dir='ltr'>qui</span> <span class='ocrx_word' id='word_1_45' title='bbox 601 2317 722 2396; x_wconf 91' lang='lat' dir='ltr'>primus</span> <span class='ocrx_word' id='word_1_46' title='bbox 745 2318 827 2377; x_wconf 91' lang='lat' dir='ltr'>inter</span> <span class='ocrx_word' id='word_1_47' title='bbox 849 2315 1042 2378; x_wconf 90' lang='lat' dir='ltr'>recentiores</span> <span class='ocrx_word' id='word_1_48' title='bbox 1064 2335 1195 2396; x_wconf 90' lang='lat' dir='ltr'>prorsus</span> <span class='ocrx_word' id='word_1_49' title='bbox 1218 2317 1389 2378; x_wconf 88' lang='lat' dir='ltr'>assentitur</span> 
     </span>
     <span class='ocr_line' id='line_1_10' title="bbox 271 2416 1391 2500; baseline -0.001 -19"><span class='ocrx_word' id='word_1_50' title='bbox 271 2418 491 2500; x_wconf 85' lang='lat' dir='ltr'>Aristophani,</span> <span class='ocrx_word' id='word_1_51' title='bbox 514 2416 593 2481; x_wconf 93' lang='lat' dir='ltr'>illius</span> <span class='ocrx_word' id='word_1_52' title='bbox 613 2420 653 2480; x_wconf 91' lang='lat' dir='ltr'>de</span> <span class='ocrx_word' id='word_1_53' title='bbox 671 2418 799 2498; x_wconf 85' lang='lat' dir='ltr'>tragicis</span> <span class='ocrx_word' id='word_1_54' title='bbox 818 2418 969 2480; x_wconf 90' lang='lat' dir='ltr'>iudicium</span> <span class='ocrx_word' id='word_1_55' title='bbox 988 2417 1169 2497; x_wconf 88' lang='lat' dir='ltr'>neglectum</span> <span class='ocrx_word' id='word_1_56' title='bbox 1187 2427 1220 2481; x_wconf 93' lang='lat' dir='ltr'>et</span> <span class='ocrx_word' id='word_1_57' title='bbox 1237 2419 1391 2481; x_wconf 91' lang='lat' dir='ltr'>reiectum</span> 
     </span>
     <span class='ocr_line' id='line_1_11' title="bbox 271 2519 1390 2600; baseline 0 -18"><span class='ocrx_word' id='word_1_58' title='bbox 271 2529 329 2594; x_wconf 86' lang='lat' dir='ltr'>est,</span> <span class='ocrx_word' id='word_1_59' title='bbox 354 2520 472 2600; x_wconf 91' lang='lat' dir='ltr'>quippe</span> <span class='ocrx_word' id='word_1_60' title='bbox 495 2541 568 2582; x_wconf 94' lang='lat' dir='ltr'>cum</span> <span class='ocrx_word' id='word_1_61' title='bbox 590 2538 702 2581; x_wconf 91' lang='lat' dir='ltr'>omnes</span> <span class='ocrx_word' id='word_1_62' title='bbox 721 2519 777 2580; x_wconf 91' lang='lat' dir='ltr'>viri</span> <span class='ocrx_word' id='word_1_63' title='bbox 797 2519 883 2580; x_wconf 85' lang='lat' dir='ltr'>docti</span> <span class='ocrx_word' id='word_1_64' title='bbox 902 2519 1062 2599; x_wconf 91' lang='lat' dir='ltr'>Euripidis</span> <span class='ocrx_word' id='word_1_65' title='bbox 1084 2520 1269 2600; x_wconf 87' lang='lat' dir='ltr'>tragoedias</span> <span class='ocrx_word' id='word_1_66' title='bbox 1291 2519 1390 2600; x_wconf 90' lang='lat' dir='ltr'>pluris</span> 
     </span>
     <span class='ocr_line' id='line_1_12' title="bbox 271 2620 1391 2703; baseline -0.002 -20"><span class='ocrx_word' id='word_1_67' title='bbox 271 2621 478 2683; x_wconf 88' lang='lat' dir='ltr'>aestimarent</span> <span class='ocrx_word' id='word_1_68' title='bbox 509 2640 606 2700; x_wconf 92' lang='lat' dir='ltr'>quam</span> <span class='ocrx_word' id='word_1_69' title='bbox 634 2620 791 2700; x_wconf 92' lang='lat' dir='ltr'>Aeschyli</span> <span class='ocrx_word' id='word_1_70' title='bbox 820 2621 954 2701; x_wconf 89' lang='lat' dir='ltr'>poesim.</span> <span class='ocrx_word' id='word_1_71' title='bbox 1001 2620 1113 2701; x_wconf 92' lang='lat' dir='ltr'>Nuper</span> <span class='ocrx_word' id='word_1_72' title='bbox 1142 2621 1284 2703; x_wconf 89' lang='lat' dir='ltr'>plerique</span> <span class='ocrx_word' id='word_1_73' title='bbox 1314 2641 1391 2682; x_wconf 93' lang='lat' dir='ltr'>con·</span> 
     </span>
     <span class='ocr_line' id='line_1_13' title="bbox 270 2721 1391 2804; baseline 0.001 -20"><span class='ocrx_word' id='word_1_74' title='bbox 270 2723 400 2784; x_wconf 90' lang='lat' dir='ltr'>trariam</span> <span class='ocrx_word' id='word_1_75' title='bbox 430 2723 619 2784; x_wconf 90' lang='lat' dir='ltr'>sententiam</span> <span class='ocrx_word' id='word_1_76' title='bbox 646 2721 790 2804; x_wconf 88' lang='lat' dir='ltr'>amplexi</span> <span class='ocrx_word' id='word_1_77' title='bbox 817 2731 890 2784; x_wconf 91' lang='lat' dir='ltr'>sunt</span> <span class='ocrx_word' id='word_1_78' title='bbox 915 2721 1010 2784; x_wconf 88' lang='lat' dir='ltr'>veluti</span> <span class='ocrx_word' id='word_1_79' title='bbox 1031 2723 1237 2785; x_wconf 91' lang='lat' dir='ltr'>Hermannus</span> <span class='ocrx_word' id='word_1_80' title='bbox 1258 2759 1302 2768; x_wconf 89' lang='lat'><em>-</em></span> <span class='ocrx_word' id='word_1_81' title='bbox 1323 2723 1391 2785; x_wconf 91' lang='lat' dir='ltr'>sine</span> 
     </span>
     <span class='ocr_line' id='line_1_14' title="bbox 271 2823 1390 2906; baseline 0.001 -21"><span class='ocrx_word' id='word_1_82' title='bbox 271 2823 369 2886; x_wconf 94' lang='lat' dir='ltr'>dubio</span> <span class='ocrx_word' id='word_1_83' title='bbox 392 2823 453 2886; x_wconf 90' lang='lat' dir='ltr'>hac</span> <span class='ocrx_word' id='word_1_84' title='bbox 474 2824 505 2884; x_wconf 93' lang='lat' dir='ltr'>in</span> <span class='ocrx_word' id='word_1_85' title='bbox 528 2845 562 2886; x_wconf 92' lang='lat' dir='ltr'>re</span> <span class='ocrx_word' id='word_1_86' title='bbox 584 2825 698 2887; x_wconf 84' lang='lat' dir='ltr'>nimius</span> <span class='ocrx_word' id='word_1_87' title='bbox 716 2862 766 2900; x_wconf 85' lang='lat'>—,</span> <span class='ocrx_word' id='word_1_88' title='bbox 785 2825 837 2905; x_wconf 91' lang='lat' dir='ltr'>qui</span> <span class='ocrx_word' id='word_1_89' title='bbox 860 2825 1026 2887; x_wconf 89' lang='lat' dir='ltr'>adnotavit</span> <span class='ocrx_word' id='word_1_90' title='bbox 1048 2826 1090 2888; x_wconf 93' lang='lat' dir='ltr'>ad</span> <span class='ocrx_word' id='word_1_91' title='bbox 1105 2825 1266 2906; x_wconf 88' lang='lat' dir='ltr'>Euripidis</span> <span class='ocrx_word' id='word_1_92' title='bbox 1284 2825 1390 2887; x_wconf 90' lang='lat' dir='ltr'>Hecu-</span> 
     </span>
     <span class='ocr_line' id='line_1_15' title="bbox 270 2925 1390 3008; baseline 0.003 -22"><span class='ocrx_word' id='word_1_93' title='bbox 270 2925 345 2987; x_wconf 93' lang='lat' dir='ltr'>bam</span> <span class='ocrx_word' id='word_1_94' title='bbox 373 2961 413 2972; x_wconf 86' lang='lat'>-·</span> <span class='ocrx_word' id='word_1_95' title='bbox 445 2946 474 2990; x_wconf 91' lang='lat' dir='ltr'>v.</span> <span class='ocrx_word' id='word_1_96' title='bbox 508 2927 571 3006; x_wconf 91' lang='lat'>760</span> <span class='ocrx_word' id='word_1_97' title='bbox 597 2963 640 2972; x_wconf 90' lang='lat'>-</span> <span class='ocrx_word' id='word_1_98' title='bbox 669 2947 705 2989; x_wconf 91' lang='lat' dir='ltr'>se</span> <span class='ocrx_word' id='word_1_99' title='bbox 732 2946 828 2988; x_wconf 90' lang='lat' dir='ltr'>unam</span> <span class='ocrx_word' id='word_1_100' title='bbox 860 2926 1017 3008; x_wconf 90' lang='lat' dir='ltr'>Aeschyli</span> <span class='ocrx_word' id='word_1_101' title='bbox 1049 2926 1100 2992; x_wconf 88' lang='lat' dir='ltr'>vel</span> <span class='ocrx_word' id='word_1_102' title='bbox 1127 2925 1298 3008; x_wconf 90' lang='lat' dir='ltr'>Sophoclis</span> <span class='ocrx_word' id='word_1_103' title='bbox 1327 2935 1390 2989; x_wconf 90' lang='lat' dir='ltr'>tra-</span> 
     </span>
     <span class='ocr_line' id='line_1_16' title="bbox 270 3027 1390 3110; baseline 0.002 -21"><span class='ocrx_word' id='word_1_104' title='bbox 270 3028 423 3107; x_wconf 85' lang='lat' dir='ltr'>goediam</span> <span class='ocrx_word' id='word_1_105' title='bbox 439 3037 721 3108; x_wconf 90' lang='lat' dir='ltr'>compensaturum</span> <span class='ocrx_word' id='word_1_106' title='bbox 741 3048 811 3092; x_wconf 90' lang='lat' dir='ltr'>esse</span> <span class='ocrx_word' id='word_1_107' title='bbox 824 3047 896 3091; x_wconf 92' lang='lat' dir='ltr'>cum</span> <span class='ocrx_word' id='word_1_108' title='bbox 912 3029 1060 3091; x_wconf 89' lang='lat' dir='ltr'>omnibus</span> <span class='ocrx_word' id='word_1_109' title='bbox 1079 3027 1390 3110; x_wconf 84' lang='lat' dir='ltr'>fabulisEuripideis</span> 
     </span>
    </p>

    <p class='ocr_par' dir='ltr' id='par_1_5' title="bbox 206 3127 1393 3722">
     <span class='ocr_line' id='line_1_17' title="bbox 358 3127 1393 3210; baseline 0 -19"><span class='ocrx_word' id='word_1_110' title='bbox 358 3127 573 3210; x_wconf 87' lang='lat' dir='ltr'>Schlegelium</span> <span class='ocrx_word' id='word_1_111' title='bbox 603 3131 733 3210; x_wconf 90' lang='lat' dir='ltr'>quidem</span> <span class='ocrx_word' id='word_1_112' title='bbox 764 3151 837 3192; x_wconf 93' lang='lat' dir='ltr'>cum</span> <span class='ocrx_word' id='word_1_113' title='bbox 859 3131 1048 3194; x_wconf 91' lang='lat' dir='ltr'>Hermanno</span> <span class='ocrx_word' id='word_1_114' title='bbox 1080 3151 1192 3194; x_wconf 91' lang='lat' dir='ltr'>omnes</span> <span class='ocrx_word' id='word_1_115' title='bbox 1226 3129 1292 3194; x_wconf 85' lang='lat' dir='ltr'>sere</span> <span class='ocrx_word' id='word_1_116' title='bbox 1318 3139 1393 3192; x_wconf 92' lang='lat' dir='ltr'>sunt</span> 
     </span>
     <span class='ocr_line' id='line_1_18' title="bbox 270 3232 1392 3312; baseline 0.002 -20"><span class='ocrx_word' id='word_1_117' title='bbox 270 3232 371 3292; x_wconf 91' lang='lat' dir='ltr'>secuti</span> <span class='ocrx_word' id='word_1_118' title='bbox 394 3232 452 3293; x_wconf 92' lang='lat' dir='ltr'>viri</span> <span class='ocrx_word' id='word_1_119' title='bbox 474 3233 569 3306; x_wconf 90' lang='lat' dir='ltr'>docti,</span> <span class='ocrx_word' id='word_1_120' title='bbox 595 3234 676 3295; x_wconf 90' lang='lat' dir='ltr'>inter</span> <span class='ocrx_word' id='word_1_121' title='bbox 698 3252 780 3312; x_wconf 93' lang='lat' dir='ltr'>quos</span> <span class='ocrx_word' id='word_1_122' title='bbox 798 3234 930 3295; x_wconf 91' lang='lat' dir='ltr'>nomino</span> <span class='ocrx_word' id='word_1_123' title='bbox 949 3233 1164 3308; x_wconf 90' lang='lat' dir='ltr'>Welckerum,</span> <span class='ocrx_word' id='word_1_124' title='bbox 1186 3232 1392 3297; x_wconf 84' lang='lat' dir='ltr'>Odofredum</span> 
     </span>
     <span class='ocr_line' id='line_1_19' title="bbox 271 3332 1391 3417; baseline 0.004 -23"><span class='ocrx_word' id='word_1_125' title='bbox 271 3341 304 3394; x_wconf 92' lang='lat' dir='ltr'>et</span> <span class='ocrx_word' id='word_1_126' title='bbox 325 3332 512 3396; x_wconf 90' lang='lat' dir='ltr'>Eduardum</span> <span class='ocrx_word' id='word_1_127' title='bbox 535 3333 696 3409; x_wconf 84' lang='lat' dir='ltr'>Miilleros,</span> <span class='ocrx_word' id='word_1_128' title='bbox 718 3335 972 3415; x_wconf 89' lang='lat' dir='ltr'>Bemhardyum,</span> <span class='ocrx_word' id='word_1_129' title='bbox 991 3336 1209 3398; x_wconf 91' lang='lat' dir='ltr'>Ritschelium.</span> <span class='ocrx_word' id='word_1_130' title='bbox 1246 3335 1309 3417; x_wconf 85' lang='lat' dir='ltr'>Qui</span> <span class='ocrx_word' id='word_1_131' title='bbox 1331 3336 1391 3398; x_wconf 91' lang='lat' dir='ltr'>viri</span> 
     </span>
     <span class='ocr_line' id='line_1_20' title="bbox 271 3434 1391 3519; baseline 0.004 -24"><span class='ocrx_word' id='word_1_132' title='bbox 271 3434 372 3508; x_wconf 85' lang='lat' dir='ltr'>docti,</span> <span class='ocrx_word' id='word_1_133' title='bbox 395 3436 510 3515; x_wconf 92' lang='lat' dir='ltr'>quibus</span> <span class='ocrx_word' id='word_1_134' title='bbox 534 3454 596 3515; x_wconf 91' lang='lat' dir='ltr'>ego</span> <span class='ocrx_word' id='word_1_135' title='bbox 619 3456 748 3516; x_wconf 92' lang='lat' dir='ltr'>quoque</span> <span class='ocrx_word' id='word_1_136' title='bbox 770 3440 938 3513; x_wconf 90' lang='lat' dir='ltr'>assentior,</span> <span class='ocrx_word' id='word_1_137' title='bbox 967 3438 1220 3519; x_wconf 86' lang='lat' dir='ltr'>Aristophanem</span> <span class='ocrx_word' id='word_1_138' title='bbox 1242 3457 1300 3499; x_wconf 92' lang='lat' dir='ltr'>suo</span> <span class='ocrx_word' id='word_1_139' title='bbox 1323 3438 1391 3499; x_wconf 91' lang='lat' dir='ltr'>iure</span> 
     </span>
     <span class='ocr_line' id='line_1_21' title="bbox 206 3536 1390 3632; baseline 0.001 -33"><span class='ocrx_word' id='word_1_140' title='bbox 206 3563 207 3566; x_wconf 41' lang='lat'>¹</span> <span class='ocrx_word' id='word_1_141' title='bbox 271 3537 432 3632; x_wconf 83' lang='lat' dir='ltr'>Euripidis</span> <span class='ocrx_word' id='word_1_142' title='bbox 455 3539 590 3601; x_wconf 87' lang='lat' dir='ltr'>irrisisse</span> <span class='ocrx_word' id='word_1_143' title='bbox 615 3536 738 3601; x_wconf 85' lang='lat' dir='ltr'>fabulas</span> <span class='ocrx_word' id='word_1_144' title='bbox 760 3549 902 3616; x_wconf 88' lang='lat' dir='ltr'>censent,</span> <span class='ocrx_word' id='word_1_145' title='bbox 933 3561 1016 3621; x_wconf 92' lang='lat' dir='ltr'>quae</span> <span class='ocrx_word' id='word_1_146' title='bbox 1046 3549 1079 3604; x_wconf 91' lang='lat' dir='ltr'>et</span> <span class='ocrx_word' id='word_1_147' title='bbox 1105 3548 1207 3603; x_wconf 88' lang='lat' dir='ltr'>artem</span> <span class='ocrx_word' id='word_1_148' title='bbox 1234 3544 1390 3620; x_wconf 87' lang='lat' dir='ltr'>tragicam</span> 
     </span>
     <span class='ocr_line' id='line_1_22' title="bbox 269 3640 801 3722; baseline 0.008 -21"><span class='ocrx_word' id='word_1_149' title='bbox 269 3640 467 3722; x_wconf 91' lang='lat' dir='ltr'>corruperint</span> <span class='ocrx_word' id='word_1_150' title='bbox 489 3650 521 3703; x_wconf 88' lang='lat' dir='ltr'>et</span> <span class='ocrx_word' id='word_1_151' title='bbox 545 3641 661 3703; x_wconf 93' lang='lat' dir='ltr'>civium</span> <span class='ocrx_word' id='word_1_152' title='bbox 685 3661 801 3706; x_wconf 82' lang='lat' dir='ltr'>mores</span> 
     </span>
    </p>

    <p class='ocr_par' dir='ltr' id='par_1_6' title="bbox 268 3741 1391 4235">
     <span class='ocr_line' id='line_1_23' title="bbox 355 3741 1388 3826; baseline 0 -22"><span class='ocrx_word' id='word_1_153' title='bbox 355 3741 476 3805; x_wconf 85' lang='lat' dir='ltr'>Contra</span> <span class='ocrx_word' id='word_1_154' title='bbox 516 3743 708 3823; x_wconf 91' lang='lat' dir='ltr'>Droysenus</span> <span class='ocrx_word' id='word_1_155' title='bbox 750 3781 791 3790; x_wconf 97' lang='lat'>—</span> <span class='ocrx_word' id='word_1_156' title='bbox 830 3745 869 3811; x_wconf 84' lang='lat' dir='ltr'>cf.</span> <span class='ocrx_word' id='word_1_157' title='bbox 908 3747 1051 3809; x_wconf 89' lang='lat' dir='ltr'>eiusdem</span> <span class='ocrx_word' id='word_1_158' title='bbox 1095 3745 1388 3826; x_wconf 86' lang='lat' dir='ltr'>interpretationem</span> 
     </span>
     <span class='ocr_line' id='line_1_24' title="bbox 268 3844 1387 3929; baseline 0.002 -23"><span class='ocrx_word' id='word_1_159' title='bbox 268 3865 403 3925; x_wconf 87' lang='lat' dir='ltr'>operum</span> <span class='ocrx_word' id='word_1_160' title='bbox 426 3844 654 3928; x_wconf 88' lang='lat' dir='ltr'>Aristophanis</span> <span class='ocrx_word' id='word_1_161' title='bbox 686 3855 763 3909; x_wconf 93' lang='lat' dir='ltr'>tom.</span> <span class='ocrx_word' id='word_1_162' title='bbox 793 3863 821 3926; x_wconf 83' lang='lat'>3.</span> <span class='ocrx_word' id='word_1_163' title='bbox 849 3868 879 3929; x_wconf 93' lang='lat' dir='ltr'>p.</span> <span class='ocrx_word' id='word_1_164' title='bbox 910 3851 971 3928; x_wconf 82' lang='lat'>398</span> <span class='ocrx_word' id='word_1_165' title='bbox 997 3882 1039 3892; x_wconf 92' lang='lat'><em>-</em></span> <span class='ocrx_word' id='word_1_166' title='bbox 1061 3846 1313 3929; x_wconf 87' lang='lat' dir='ltr'>Aristophanem</span> <span class='ocrx_word' id='word_1_167' title='bbox 1344 3846 1387 3908; x_wconf 91' lang='lat' dir='ltr'>de</span> 
     </span>
     <span class='ocr_line' id='line_1_25' title="bbox 268 3946 1387 4030; baseline 0.003 -23"><span class='ocrx_word' id='word_1_168' title='bbox 268 3946 422 4028; x_wconf 89' lang='lat' dir='ltr'>Euripide</span> <span class='ocrx_word' id='word_1_169' title='bbox 449 3948 578 4012; x_wconf 89' lang='lat' dir='ltr'>minime</span> <span class='ocrx_word' id='word_1_170' title='bbox 604 3949 672 4011; x_wconf 87' lang='lat' dir='ltr'>sine</span> <span class='ocrx_word' id='word_1_171' title='bbox 701 3950 749 4010; x_wconf 89' lang='lat' dir='ltr'>ira</span> <span class='ocrx_word' id='word_1_172' title='bbox 776 3957 810 4011; x_wconf 92' lang='lat' dir='ltr'>et</span> <span class='ocrx_word' id='word_1_173' title='bbox 830 3950 946 4024; x_wconf 88' lang='lat' dir='ltr'>studi0,</span> <span class='ocrx_word' id='word_1_174' title='bbox 974 3951 1032 4012; x_wconf 90' lang='lat' dir='ltr'>sed</span> <span class='ocrx_word' id='word_1_175' title='bbox 1059 3970 1156 4030; x_wconf 89' lang='lat' dir='ltr'>quam</span> <span class='ocrx_word' id='word_1_176' title='bbox 1182 3948 1387 4030; x_wconf 88' lang='lat' dir='ltr'>cupidissime</span> 
     </span>
     <span class='ocr_line' id='line_1_26' title="bbox 268 4047 1386 4134; baseline 0.005 -28"><span class='ocrx_word' id='word_1_177' title='bbox 268 4047 459 4111; x_wconf 86' lang='lat' dir='ltr'>iudicavisse</span> <span class='ocrx_word' id='word_1_178' title='bbox 490 4059 600 4114; x_wconf 88' lang='lat' dir='ltr'>censet</span> <span class='ocrx_word' id='word_1_179' title='bbox 631 4059 664 4113; x_wconf 91' lang='lat' dir='ltr'>et</span> <span class='ocrx_word' id='word_1_180' title='bbox 695 4049 779 4112; x_wconf 91' lang='lat' dir='ltr'>laudi</span> <span class='ocrx_word' id='word_1_181' title='bbox 809 4050 919 4113; x_wconf 91' lang='lat' dir='ltr'>tribuit</span> <span class='ocrx_word' id='word_1_182' title='bbox 941 4052 1084 4134; x_wconf 90' lang='lat' dir='ltr'>Euripidi</span> <span class='ocrx_word' id='word_1_183' title='bbox 1115 4089 1156 4098; x_wconf 89' lang='lat'><strong>—</strong></span> <span class='ocrx_word' id='word_1_184' title='bbox 1190 4051 1227 4114; x_wconf 84' lang='lat' dir='ltr'>cf.</span> <span class='ocrx_word' id='word_1_185' title='bbox 1260 4052 1279 4115; x_wconf 90' lang='lat' dir='ltr'>l.</span> <span class='ocrx_word' id='word_1_186' title='bbox 1311 4050 1330 4115; x_wconf 90' lang='lat' dir='ltr'>l.</span> <span class='ocrx_word' id='word_1_187' title='bbox 1359 4067 1386 4130; x_wconf 86' lang='lat'>3.</span> 
     </span>
     <span class='ocr_line' id='line_1_27' title="bbox 269 4151 1391 4235; baseline 0.004 -24"><span class='ocrx_word' id='word_1_188' title='bbox 269 4168 299 4229; x_wconf 92' lang='lat' dir='ltr'>p.</span> <span class='ocrx_word' id='word_1_189' title='bbox 326 4166 388 4230; x_wconf 82' lang='lat'>399</span> <span class='ocrx_word' id='word_1_190' title='bbox 411 4171 435 4215; x_wconf 92' lang='lat' dir='ltr'>s.</span> <span class='ocrx_word' id='word_1_191' title='bbox 453 4187 503 4227; x_wconf 92' lang='lat'>-‚</span> <span class='ocrx_word' id='word_1_192' title='bbox 522 4153 609 4234; x_wconf 93' lang='lat' dir='ltr'>quod</span> <span class='ocrx_word' id='word_1_193' title='bbox 632 4153 754 4234; x_wconf 92' lang='lat' dir='ltr'>primus</span> <span class='ocrx_word' id='word_1_194' title='bbox 776 4151 829 4215; x_wconf 92' lang='lat' dir='ltr'>ille</span> <span class='ocrx_word' id='word_1_195' title='bbox 850 4174 888 4216; x_wconf 89' lang='lat' dir='ltr'>ac</span> <span class='ocrx_word' id='word_1_196' title='bbox 911 4153 952 4216; x_wconf 94' lang='lat' dir='ltr'>de</span> <span class='ocrx_word' id='word_1_197' title='bbox 973 4154 1127 4216; x_wconf 89' lang='lat' dir='ltr'>industria</span> <span class='ocrx_word' id='word_1_198' title='bbox 1149 4155 1289 4235; x_wconf 85' lang='lat' dir='ltr'>corrupit</span> <span class='ocrx_word' id='word_1_199' title='bbox 1311 4155 1391 4215; x_wconf 91' lang='lat' dir='ltr'>anti·</span> 
     </span>
    </p>
   </div>
   <div class='ocr_carea' id='block_1_4' title="bbox 0 0 1564 5040">
    <p class='ocr_par' dir='ltr' id='par_1_7' title="bbox 0 0 1564 5040">
     <span class='ocr_line' id='line_1_28' title="bbox 0 0 1564 5040; baseline 0 2"><span class='ocrx_word' id='word_1_200' title='bbox 0 0 1564 5040; x_wconf 95' lang='lat' dir='ltr'> </span> 
     </span>
    </p>
   </div>
  </div>
 </body>
</html>
