3118 5040
645 545 857 609 „39-

190 698 260 764 ἔστι
294 697 331 764 δὲ
362 697 407 765 τὸ
433 694 690 782 θρεττανελὸ
718 701 787 784 τῆς
812 695 934 783 λύρας
955 693 1154 784 ᾶπὴχημα,
1185 702 1242 765 καὶ
1265 695 1314 790 οὗ

190 796 397 866 συνάπτεται
418 796 504 883 πρὸς
526 797 590 885 τὴν
613 795 783 878 σύνταξιν·
805 794 890 865 ἀλλὰ
918 799 1009 866 διότι
1037 802 1093 866 καὶ
1120 795 1225 878 αὐτὸς
1245 792 1316 886 ᾖδε,

190 899 319 968 τούτου
338 899 437 986 χάριν
458 901 631 986 ἐνέθηκεν.
656 952 662 966 .
687 952 694 966 .
717 951 724 966 .
747 905 853 967 τοῦτο
877 901 914 967 δὲ
941 901 979 967 ἐκ
1000 891 1192 980 Κύκλωπος
1215 908 1315 970 Φιλο-

190 1004 289 1084 ξένου
309 1004 390 1070 ἐστί·
411 1005 575 1088 πεποίηκε
598 1001 661 1087 γὰρ
688 991 790 1079 οὗτος
822 1003 895 1069 τὸν
921 1001 1123 1070 Κύκλωπα
1153 1007 1315 1089 κιθαρί-

191 1112 321 1189 ζοντα.

276 1208 348 1270 Hac
370 1226 499 1288 quoque
521 1209 552 1269 in
568 1227 609 1276 re
633 1207 759 1270 videtur
781 1227 904 1270 errasse
926 1208 1135 1285 Fritzschius,
1162 1210 1250 1290 quod
1273 1211 1315 1271 ad

191 1309 271 1374 Ran.
293 1330 323 1372 v.
351 1311 432 1374 1286
453 1312 598 1385 adnotat,
620 1307 763 1371 similiter
784 1308 1019 1372 Archilochum
1046 1307 1189 1396 τήνελλα
1215 1310 1317 1373 verbo

191 1411 332 1474 citharae
353 1432 469 1474 sonum
492 1431 565 1474 esse
587 1409 755 1476 imitatum.
798 1410 884 1474 Nam
915 1410 1088 1476 scholiasta
1117 1414 1159 1474 ad
1186 1411 1314 1474 Aristo·

191 1511 306 1594 phanis
328 1512 590 1576 Acharnensium·
609 1533 638 1574 v.
665 1515 745 1575 1228
764 1510 908 1599 τήνελλα
926 1513 1062 1576 verbum
1085 1514 1181 1577 tibiae
1199 1533 1316 1576 sonum

191 1614 351 1677 imitatum
382 1635 454 1678 esse
484 1622 592 1678 narrat
623 1613 672 1676 his
703 1613 824 1676 verbis:
864 1615 1028 1700 Μίμημα
1065 1615 1319 1700 ἐπιφθέγματος

192 1709 319 1780 αὐλοῦ
349 1715 394 1781 τὸ
425 1714 605 1802 τήνελλα.
667 1715 825 1780 Attamen
855 1716 1068 1801 θρεττανελό
1105 1727 1138 1782 et
1172 1714 1316 1805 τήνελλα

193 1816 316 1880 facilius
334 1819 417 1880 inter
433 1838 469 1880 se
491 1825 642 1899 poterant
658 1819 857 1882 commutari.
891 1818 961 1882 Vix
988 1829 1097 1883 autem
1123 1820 1317 1883 crediderim

193 1917 449 2000 Aristophanem
490 1929 523 1982 et
558 1916 766 2004 θρεττανελό
807 1927 841 1981 et
883 1918 1151 2006 φλαττοθράττο
1199 1921 1320 1996 verbis

197 2039 336 2100 quorum
371 2021 505 2084 alterum
536 2019 633 2102 longe
659 2019 766 2082 differt
795 2019 838 2081 ab
867 2019 987 2096 altero,
1023 2025 1162 2086 eundem
1200 2043 1316 2085 sonum

192 2123 311 2186 imitari
343 2132 377 2186 et
407 2123 546 2187 voluisse
580 2132 613 2187 et
650 2123 803 2204 potuisse.
847 2121 961 2202 Itaque
991 2143 1064 2186 cum
1094 2126 1249 2208 Berglero
1283 2135 1320 2188 et·

192 2223 354 2288 Brunckio
381 2246 500 2306 sequor
526 2224 746 2300 scholiastam‚
778 2224 834 2303 qui
862 2224 950 2302 quod
978 2244 1074 2304 supra
1098 2227 1319 2290 demonstravi

193 2329 322 2391 inanem
353 2328 511 2409 Aeschyli
538 2329 711 2391 verborum
738 2326 910 2406 strepitum
937 2325 1024 2387 sonis
1050 2327 1119 2387 istis
1147 2327 1319 2408 significari

193 2429 334 2492 tradidit.
378 2431 460 2493 Item
484 2429 567 2493 Guil.
595 2428 813 2492 Schneiderus
840 2429 871 2490 in
898 2428 1190 2504 commentatione,
1222 2447 1320 2508 quam

193 2532 323 2612 scripsit
341 2529 397 2595 ‘de
424 2531 730 2614 epiphthegmaticis
752 2527 899 2591 versibus
922 2521 1087 2609 Aeschyli
1107 2528 1206 2608 jenae
1228 2531 1323 2609 1829,Ι

193 2653 226 2714 p.
251 2649 290 2695 22
315 2655 388 2698 cum
410 2635 474 2698 hoc
500 2635 572 2698 loco
599 2639 767 2714 comparat
790 2629 934 2694 Schilleri
961 2629 1217 2706 Dudeldumdei‚
1248 2629 1319 2692 Eia-

195 2737 324 2816 popeia,
351 2736 629 2810 Tralirumlarum,
658 2735 729 2798 alia.
775 2731 833 2796 Cui
861 2732 952 2795 alteri
978 2732 1232 2814 interpretationi
1264 2732 1326 2792 mi·

193 2839 282 2900 nime
305 2839 416 2903 obstat
438 2860 551 2902 versus
577 2840 665 2913 1282,
693 2857 758 2916 quo
785 2833 862 2898 nihil
892 2835 1007 2897 dicitur
1037 2835 1096 2896 nisi
1119 2853 1248 2896 carmen
1271 2853 1323 2894 se-

194 2959 299 3020 quens
322 2962 341 3004 e
363 2941 589 3005 citharoedicis
612 2920 718 3002 modis
741 2957 814 3002 esse
838 2937 1073 3000 concinnatum.

282 3043 411 3106 Baccho
444 3064 585 3124 quoque,
616 3042 705 3123 quod
735 3061 832 3122 supra
865 3039 977 3103 leviter
1005 3037 1197 3120 significavi,
1229 3037 1325 3099 sicuti*

194 3143 291 3205 nobis
314 3164 396 3208 nunc
419 3145 603 3227 philologis,
635 3164 700 3206 non
726 3144 804 3205 satis
825 3143 1032 3223 perspicuum
1055 3139 1127 3215 suit,
1157 3139 1234 3220 quid
1262 3136 1321 3200 sibi

194 3243 274 3307 velit
303 3243 344 3311 τό
375 3242 651 3332 φλαττοθράττο.
703 3244 777 3327 Qua
803 3264 837 3306 re
864 3241 943 3305 haec
971 3243 1095 3323 quaerit
1123 3263 1152 3303 v.
1179 3241 1260 3320 1296
1282 3259 1322 3303 s:

327 3349 366 3412 τί
392 3347 439 3414 τὸ
460 3345 718 3431 φλαττοθρὰτ
737 3338 845 3410 τοῦτ’
865 3344 991 3423 ἐστίν·
1017 3343 1055 3409 ἐκ
1067 3345 1284 3427 Μαραθῶνος
1301 3333 1328 3425 il*

328 3445 442 3516 πόθεν
465 3451 640 3528 συνέλεξας
662 3441 927 3533 ἱμονιοστρόφου
948 3447 1048 3531 με’λη;

286 3549 345 3615 Cui
363 3553 574 3635 interroganti
589 3550 774 3631 Aeschylus
793 3552 839 3613 sic
857 3550 1033 3630 respondet
1048 3569 1076 3610 v.
1099 3549 1328 3628 1298—13002.

328 3649 396 3719 ἀλλ’
422 3645 485 3721 οὗν
507 3652 571 3739 ἐγώ
592 3655 654 3738 μὲν
671 3651 706 3729 ἐς
727 3651 768 3718 τὸ
791 3649 897 3718 καλὸν
919 3651 956 3716 ἐκ
979 3653 1044 3716 τοῦ
1065 3651 1171 3714 καλοῦ

327 3750 472 3841 ἤνεγκον
489 3751 580 3836 αὔθ’,
602 3753 660 3821 ἵνα
681 3753 724 3841 pi
743 3754 808 3821 τὸν
830 3748 939 3819 αὐτὸν
959 3752 1113 3836 Φρυνίχῳ

327 3862 474 3944 λειμῶνα
496 3861 648 3925 Μουσῶν
673 3855 766 3941 ἱερὸν
789 3851 935 3940 ὀφθείην
958 3853 1195 3936 optumum.

288 3959 386 4044 Quod
408 3963 434 4024 si
456 3959 686 4042 Aristophanis
709 3967 893 4040 spectamus
911 3957 1070 4030 iudicium,
1093 3960 1227 4034 apparet
1250 3971 1327 4014 eum·

197 4082 230 4125 v.
259 4061 464 4144 1264—1295
485 4072 554 4126 tam
577 4063 658 4124 mira
680 4070 713 4123 et
731 4079 883 4142 perversa
897 4055 1159 4138 Aeschyleorum
1178 4053 1324 4116 locorum

197 4166 440 4246 compositione
458 4168 564 4248 primo
585 4163 658 4227 loco
677 4165 781 4244 ipsum
800 4161 996 4242 Euripidem,
1019 4179 1116 4240 quem
1138 4176 1195 4220 eos
1214 4174 1331 4218 versus
