3118 5040
725 493 937 540 ..10-

270 647 409 727 genium,
432 649 486 726 qui
508 647 669 710 neminem
688 646 834 726 agnoscit
856 647 992 710 iudicem
1015 647 1073 710 nisi
1097 648 1208 726 deum,
1237 667 1275 712 ea
1296 650 1389 730 optio

273 749 414 810 maxime
436 749 621 830 respondet.
1077 810 1079 814 ,

357 849 441 910 Tum
473 851 614 912 comicus
645 851 772 931 saepius
807 851 1010 913 demonstrat
1044 851 1199 932 impetum
1232 852 1389 932 Aeschyli

272 959 367 1031 atque
398 953 600 1015 iracundiam.
651 951 697 1016 Ut
720 950 888 1027 Xanthias‚
916 961 1089 1033 postquam
1111 953 1241 1016 Aeacus
1269 975 1298 1016 v.
1326 957 1388 1016 802

271 1056 411 1116 narravit
434 1054 620 1134 Euripidem
643 1054 824 1134 tragoedias
848 1053 1002 1134 Aeschyli
1033 1057 1289 1118 examinaturum
1317 1077 1389 1119 esse

272 1157 312 1217 ad
335 1156 478 1229 verbum,
502 1155 583 1217 haec
606 1164 715 1217 censet
737 1177 766 1220 v.
790 1157 864 1234 803:

398 1245 418 1343 ἦ
441 1279 509 1321 που
530 1257 659 1338 βαρέως
680 1251 772 1339 οἶμαι
794 1254 857 1320 τὸν
880 1253 1049 1338 Αἰσχύλον
1071 1257 1195 1342 φέρειν.

357 1355 415 1420 Cui
439 1358 614 1421 sententiae
636 1357 767 1420 Aeacus
789 1358 835 1419 sic
859 1359 1030 1420 assentitur
1051 1379 1080 1421 v:
1104 1361 1189 1437 804:

400 1457 518 1542 ἔβλεψε
540 1462 624 1543 γοῦν
646 1456 816 1543 ταυρηδὸν
832 1454 985 1542 ἐγκύψας
1006 1456 1110 1524 καίτοι,

356 1561 550 1641 Aegerrime
582 1561 677 1641 igitur
706 1559 766 1622 lert
789 1560 972 1641 Aeschylus
1005 1570 1106 1624 artem
1137 1562 1292 1643 tragicam
1319 1570 1388 1624 tam

271 1663 392 1724 minute
423 1671 455 1726 et
485 1663 615 1744 indigne
644 1663 680 1724 iri
705 1670 893 1736 tractatum,
924 1662 1002 1724 truci
1032 1662 1120 1725 vultu
1147 1671 1197 1726 est
1223 1663 1327 1744 capite
1356 1665 1388 1725 in

270 1772 387 1826 terram
410 1763 550 1848 demisso
573 1764 653 1824 tauri
676 1765 776 1824 instar
797 1749 898 1844 parati
921 1764 962 1824 ad
984 1783 1134 1845 pugnam.

355 1865 436 1927 Item
459 1863 574 1927 chorus
597 1865 639 1926 de
661 1862 828 1944 Aeschylo
855 1887 884 1929 v.
908 1867 1074 1945 814—817
1098 1865 1321 1929 haecvcenset:

398 1956 418 2052 ἧ
440 1989 508 2030 που
531 1963 645 2030 δεινὸν
668 1964 881 2053 ἐριβρεμέτας,
899 1963 1004 2049 χόλον
1026 1964 1171 2032 ’ἔνδοθεν
1194 1964 1267 2046 ἕξει,

396 2061 480 2152 ἡνίκ’
507 2061 550 2132 dv
573 2061 738 2146 ὀξολάίον
759 2067 883 2151 παρίδῃ
905 2064 1077 2151 θήγοντος
1099 2063 1230 2134 ὀδόντα
1324 2070 1385 2148 815

398 2163 602 2252 ἀντιτέχνου·
625 2166 705 2234 τότε
729 2167 769 2254 δὴ
790 2170 911 2253 μανίας
932 2166 999 2235 ὑπὸ
1018 2169 1138 2255 ,δεινῆς

574 2265 706 2355 ὄμματα
728 2269 955 2356 στροβήσεται.

354 2373 560 2435 Horrendam
581 2377 660 2435 iram
682 2371 733 2434 hic
762 2375 902 2436 comicus
930 2375 1040 2436 tribuit
1066 2375 1245 2454 Aeschy10‚
1276 2383 1312 2438 ut
1342 2377 1389 2436 in-

270 2474 452 2538 flammatus
463 2477 662 2555 distorqueat
677 2475 801 2551 oculos;
817 2477 892 2555 quin
908 2478 1006 2538 etiam
1021 2485 1225 2558 comparatur
1236 2474 1388 2556 Aeschy-

269 2577 316 2638 lus
339 2597 412 2639 cum
435 2577 505 2658 ipso
522 2577 621 2658 Jove,
655 2577 789 2639 deorum
821 2578 979 2660 principe,
1012 2579 1063 2657 qui
1092 2578 1179 2640 idem
1207 2577 1389 2660 appellatur

270 2677 479 2765 ἐριβρεμέτης
500 2679 534 2740 ll.
562 2696 607 2758 13,
629 2678 704 2756 624:

970 2776 1051 2846 οὐδέ
1072 2805 1105 2846 τι
1127 2784 1230 2866 θυμοῦ

395 2880 504 2965 Ζηνὸς
526 2880 739 2966 ἐριβρεμέτεω
759 2880 907 2968 χαλεπὴν
930 2881 1100 2947 constratu
1121 2886 1232 2967 μῆνιν.

353 2983 408 3046 Ac
431 3005 465 3046 re
487 3003 563 3046 vera
585 2983 768 3064 Aeschylus
791 2985 822 3045 in
840 2983 955 3047 fabulis
974 2985 1099 3047 videtur
1118 3005 1189 3046 esse
1206 2985 1326 3066 quasiJ
1348 3006 1386 3066 p-

265 3087 350 3167 piter
371 3093 495 3150 tonans,

351 3189 436 3251 Tum
467 3209 495 3251 v.
528 3190 598 3267 843,
627 3195 800 3270 postquam
830 3186 1015 3268 Aeschylus
1046 3187 1250 3269 Euripidem,
1285 3209 1385 3268 quem

266 3311 295 3352 v.
320 3292 381 3367 840
404 3289 503 3352 filium
524 3289 659 3352 rusticae
682 3290 775 3352 divae
796 3279 889 3352 -ui
917 3301 979 3353 ruat
1007 3293 1065 3374 τῆς
1092 3284 1274 3373 ἀρουραίας
1296 3294 1386 3356 θεοῦ

267 3390 479 3472 -appellat,
502 3392 603 3466 irrisit,
625 3390 769 3453 Bacchus
792 3412 865 3454 eum
888 3392 933 3452 sic
956 3388 1094 3452 delenire
1115 3391 1235 3454 studet:

970 3495 1040 3556 παῦ
1072 3487 1227 3573 Αἰσχύλε,
1275 3553 1277 3562 ,

349 3596 405 3659 καὶ
427 3594 471 3680 μὴ
493 3593 579 3679 πρὸς
601 3589 705 3680 ὀργὴν
728 3591 895 3678 σπλάγχνα
917 3579 1089 3678 θερμήνῃξ
1108 3590 1209 3676 κότῳ.

348 3697 462 3777 Neque
480 3717 557 3759 vero
567 3696 751 3776 Aeschylus
769 3704 878 3777 potest
895 3695 1011 3776 placari
1030 3703 1062 3757 et
1076 3696 1182 3756 denuo
1190 3694 1384 3776 Euripidem

263 3799 405 3880 increpat
436 3798 629 3872 maledictiS,
662 3807 698 3859 ut
723 3797 866 3860 Bacchus
893 3795 1051 3875 Aeschyli
1082 3796 1276 3858 iracundiam
1306 3818 1383 3860 cum

263 3900 388 3964 turbine
411 3909 578 3982 comparet
600 3899 647 3960 his
670 3899 776 3962 verbis
798 3919 828 3962 v.
852 3898 912 3978 847
935 3918 972 3964 s:

391 3995 461 4084 ἄρν’
487 3995 572 4084 ἄρνα
593 4001 728 4084 μέλανα,
749 3999 866 4074 παῖδες
888 3999 1088 4082 ἐξενέγκατε·

390 4101 507 4182 copule
528 4100 590 4186 γὰρ
613 4101 778 4179 ἐκβαίνειν
799 4096 1093 4184 παρασκευάζεται.
