3118 5040
638 507 826 572 „7-

170 659 302 723 Praeter
324 680 398 722 eum
420 662 526 725 locum
550 662 587 725 cf.
610 663 690 726 Ran.
715 685 743 724 v.
766 665 944 744 788-794
970 668 1058 744 1516.
1103 665 1288 746 Aeschylus

170 770 286 850 autem,
319 782 391 825 cum
414 767 557 827 maxime
587 765 714 828 floreret
742 775 775 828 et
801 766 955 847 religione
985 776 1017 830 et
1043 769 1229 831 austeritate
1257 778 1288 832 et

170 866 329 943 gravitate
360 874 393 928 et
420 866 596 930 acerbitate
627 877 660 930 et
686 868 853 950 superbia,
885 869 1046 951 Euripidis
1078 879 1147 932 erat
1176 872 1287 933 adver-

167 967 271 1028 sarius
303 969 501 1048 aptissimus;
525 968 562 1033 cf.
587 969 748 1032 Welckeri
774 969 941 1051 Aristoph.
973 971 1052 1035 Ran.
1085 993 1115 1054 p.
1147 975 1209 1052 256
1238 993 1286 1047 ss,

169 1069 224 1130 ubi
246 1069 390 1149 pluribus
412 1071 518 1133 verbis
541 1073 583 1133 de
605 1091 643 1134 ea
666 1093 700 1133 re
721 1073 831 1152 agitur.

255 1170 315 1232 His
338 1173 522 1252 praemissis
545 1174 711 1235 videamus
735 1175 810 1248 iam,
834 1193 898 1253 quo
926 1175 1026 1236 modo
1050 1174 1285 1256 Aristophanes

169 1271 372 1352 Aeschylum
395 1277 579 1355 opposuerit
600 1275 751 1357 Euripidi,
774 1285 807 1338 et
829 1275 953 1356 singula
972 1279 1038 1339 eius
1058 1278 1099 1340 de
1117 1276 1286 1357 Aeschylo

170 1374 283 1436 iudicia
306 1395 538 1456 componamus
560 1385 592 1439 et
615 1380 845 1440 examinemus

710 1880 747 1952 Β.

169 2021 523 2122 Aristophanis
552 2023 615 2104 de
637 2023 877 2124 Aeschyli
905 2024 1049 2122 poesi
1076 2023 1280 2106 iudicia.

650 2227 754 2310 Caput
775 2228 797 2293 l.

469 2381 521 2442 De
543 2380 689 2460 Aeschyli
708 2380 830 2463 ingenio
852 2381 975 2445 iudicia.

522 2536 544 2596 ἐ.
566 2548 587 2586 1.
622 2537 662 2585 De
681 2536 798 2584 universo
816 2537 927 2600 ingenio.

251 2669 333 2735 Cum
355 2673 486 2734 omnino
509 2692 636 2734 summo
663 2671 793 2751 quidem
817 2671 1053 2753 Aristophanes
1077 2672 1279 2754 Aeschylum

164 2774 366 2856 amplectitur
389 2795 507 2849 amore,
530 2783 597 2836 tum
619 2773 692 2836 ideo
715 2787 841 2836 summa
864 2775 955 2838 effert
976 2775 1077 2850 laude,
1103 2777 1191 2856 quod
1213 2778 1279 2839 eius

164 2877 339 2957 tragoediis
358 2876 458 2938 virtus
475 2875 674 2956 firmitasque
688 2876 784 2937 animi
804 2876 966 2952 docentur,
991 2886 1158 2940 servantur
1173 2879 1281 2961 opinio

164 2979 299 3040 deorum
322 2986 355 3040 et
377 2986 448 3040 tota
469 2977 715 3040 Atheniensium
737 2977 905 3058 disciplina
926 2981 1063 3058 antiqua.

250 3078 335 3162 Quin
361 3081 458 3142 etiam
487 3080 528 3140 de
561 3080 685 3142 dicendi
715 3099 834 3160 genere
857 3082 938 3142 inter
960 3101 995 3143 se
1018 3101 1114 3160 quam
1138 3083 1281 3144 maxime

165 3183 346 3244 consentire
372 3182 521 3244 videntur
547 3180 729 3262 Aeschylus
757 3191 789 3244 et
811 3182 1063 3264 Aristophanes,
1095 3204 1169 3245 nam
1199 3203 1281 3264 quae

164 3286 196 3345 in
217 3284 308 3346 Pacis
339 3283 487 3365 parabasi
520 3305 548 3348 v.
579 3299 641 3363 749
672 3303 696 3346 s
721 3286 770 3347 ed.
793 3284 910 3366 Bergk.
943 3285 984 3346 de
1014 3305 1050 3347 se
1080 3283 1154 3348 iacit
1181 3286 1280 3349 verba

164 3384 408 3466 Aristophanes
431 3387 596 3467 aptissima
618 3392 691 3447 sunt
713 3387 755 3447 ad
778 3386 934 3465 Aeschyli
961 3406 1090 3470 quoque
1111 3407 1212 3468 genus
1236 3388 1282 3450 di-

164 3488 256 3550 cendi
279 3487 511 3550 illustrandum:

290 3589 423 3674 ὲποίηοε
445 3589 566 3673 τέχνην
587 3586 731 3675 μεγάλην
748 3585 827 3675 ἡμῖν
849 3583 1039 3674 κάπύργωο’
1060 3584 1280 3675 οἰκοδομήσας

290 3689 403 3756 ’ἔπεσιν
424 3687 578 3775 μεγάλοις
600 3692 655 3755 καὶ
677 3690 842 3766 διανοίαις
863 3695 932 3756 κτλ.

249 3793 355 3876 Quem
378 3794 419 3856 ad
442 3793 547 3855 locum
569 3793 608 3857 cf.
633 3794 712 3859 Ran.
738 3809 837 3871 1004,
860 3793 913 3856 ubi
936 3792 1051 3855 chorus
1074 3792 1276 3873 Aeschylum

160 3897 207 3958 sic
229 3893 387 3977 appellat:

290 3990 372 4074 ἀλλ’,
388 3986 561 4081 ὦπροῖτος
576 3990 819 4082 τῶνἙλλήνων
834 3992 1010 4080 πυργώσας
1028 3991 1158 4080 ῥήματα
1176 3991 1278 4078 σεμνά

289 4101 358 4162 κτλ.
