3118 5040
695 511 907 573 „30-

248 670 382 744 patrem,
400 663 523 743 Jovem.
534 662 701 742 Ambigua
719 663 814 743 igitur
836 665 903 725 sine
926 663 1025 724 dubio
1043 672 1116 724 sunt
1138 683 1176 726 ea
1198 662 1307 739 verba,
1330 662 1369 725 cf.

245 764 343 827 schol.
374 766 415 826 ad
446 785 475 825 v.
512 764 593 825 1126
623 765 716 844 (1157
750 766 798 826 ed.
825 764 945 845 Dind.):
980 763 1024 829 Τὸ
1047 769 1191 848 πατρῴα
1213 767 1370 850 κεκίνηκε

247 865 309 950 τὴν
332 861 545 950 ἀμφιβολίαν.
570 858 593 950 η”
614 888 668 929 τοι
686 863 749 950 γὰρ
772 870 835 930 τοῦ
853 865 934 950 ἐμοῦ
952 861 1244 952 πατρόςὉρέοτης
1258 868 1371 952 φησίν,

246 963 266 1052 ἢ
289 966 332 1032 τὰ
354 961 431 1032 καθ’
450 959 566 1032 (Άιόου
589 967 675 1050 λέγει
696 971 838 1051 πατρῴα
868 965 974 1052 κράτη
1001 973 1064 1033 τοῦ
1087 965 1218 1053 Ἑρμοῦ,
1244 965 1323 1034 καθ>
1351 961 1371 1034 ὃ

249 1070 306 1134 καὶ
327 1065 469 1152 χθόνιος
488 1066 506 1135 ό
527 1066 652 1154 Ἑρμῆς,
676 1065 694 1134 ό
718 1068 755 1134 ἐκ
781 1068 911 1152 πατρός
933 1067 1018 1152 ἐχων
1040 1067 1101 1146 τὰς
1122 1070 1159 1136 ἐν
1181 1074 1232 1154 τῷ
1253 1066 1372 1155 κόσμῳ

247 1173 414 1252 βασιλείας
435 1170 612 1254 ἐπιτηρεῖν.
637 1161 729 1235 όέον
743 1171 779 1235 δὲ
798 1170 904 1235 εἰπεῖν
921 1168 1110 1256 πατρόθεν,
1132 1177 1276 1256 πατρῴα
1298 1168 1373 1237 εἶπε

245 1271 331 1354 πρὸς
352 1270 392 1337 τό
412 1269 527 1354 κράτη.
545 1271 649 1356 δῆλον
673 1272 709 1336 δὲ
732 1270 768 1336 ἐκ
790 1276 854 1336 τοῦ
876 1277 1018 1356 „lantper”
1019 1295 1059 1338 ον
1082 1274 1189 1339 τοῦτο
1209 1275 1372 1359 κέκτηται

248 1374 375 1455 γέραςὶιι

332 1475 510 1555 Aeschylus
534 1475 663 1554 quidem
686 1473 944 1557 Aristophaneus
972 1475 1105 1538 alteram
1132 1477 1244 1540 statuit
1274 1478 1398 1540 inter·v

248 1580 461 1660 pretationem
484 1578 534 1638 his
556 1577 664 1639 verbis
687 1597 716 1640 v.
743 1579 924 1654 1144-46:

376 1699 417 1769 οό
440 1699 511 1789 δῆτ’
533 1703 670 1781 ἐκεῖνος,
694 1698 777 1768 ἀλλὰ
800 1702 863 1769 τόν
887 1701 1056 1787 ἐριούνιον

373 1803 494 1889 Ἑρμῆν
517 1800 664 1886 χθόνιον
686 1817 847 1888 προσεῖπε
870 1800 1019 1891 κάδήλου
1041 1807 1156 1891 λέγων,

376 1901 452 1990 ὁτιὴ
474 1909 638 1990 πατρῷον
660 1911 765 1971 τοῦτο
788 1907 946 1991 κέκτηται
968 1894 1072 1992 χέρας.

335 2033 428 2115 Quae
450 2033 549 2094 verba
571 2036 603 2096 in
619 2033 783 2096 Invernizii
811 2036 952 2098 editione
976 2072 1014 2080 ..„
1039 2036 1102 2099 vol.
1130 2053 1164 2114 13
1188 2057 1218 2117 p.
1246 2053 1306 2117 130
1330 2074 1375 2084 -

250 2139 294 2198 sic
324 2144 502 2197 vertuntur:
529 2131 618 2196 ‘Non
649 2134 736 2196 illum
768 2137 897 2215 inquam
929 2137 1080 2199 dolosum
1114 2138 1172 2198 sed
1204 2138 1375 2200 Eriunium

251 2238 360 2318 (Hom.
388 2235 423 2298 Il.
448 2252 496 2311 20,
528 2252 577 2317 72.
609 2253 658 2313 24,
688 2239 757 2315 360.
783 2252 854 2316 457.
882 2238 966 2320 679.)
1022 2240 1212 2300 Mercurium
1243 2241 1376 2302 vocavit

253 2348 445 2412 terrestrem,
470 2339 557 2417 quod
580 2347 612 2400 et
635 2337 746 2407 addito
770 2337 945 2400 declaravit
966 2340 1082 2420 verbu,
1106 2341 1180 2421 quia
1202 2349 1375 2420 paternum

252 2441 330 2504 illud
361 2439 475 2502 munus
509 2434 647 2502 obtinet.³
703 2430 886 2522 >Εριοόνιος
918 2450 1046 2516 autem,
1079 2441 1173 2503 valde
1205 2443 1317 2504 iuvans
1348 2464 1373 2505 s.

251 2541 418 2624 opitulanS,
433 2541 608 2603 Mercurius
623 2541 697 2603 ideo
709 2542 911 2622 potissimum
927 2543 1113 2624 appellatur,
1129 2544 1218 2624 quod
1230 2541 1378 2626 χθόνιος

253 2647 270 2705 i.
294 2665 322 2705 e.
346 2642 485 2704 infernus
509 2651 558 2704 est
580 2645 658 2704 deus
682 2652 714 2704 et
736 2640 969 2726 ψυχοπομπός.
1016 2643 1089 2724 Qua
1117 2665 1160 2706 ex
1182 2647 1376 2726 interpreta-

253 2748 340 2807 tione
369 2763 479 2805 versus
514 2746 602 2820 1126,
634 2747 687 2824 qui
718 2745 871 2824 repetitur
904 2748 994 2825 1138,
1028 2747 1073 2806 sic
1104 2755 1154 2807 est
1186 2749 1376 2811 vertendus:

253 2845 390 2908 Mercuri
406 2844 537 2924 inferne,
555 2848 608 2926 qui
627 2855 824 2934 potestatem
840 2845 941 2908 habes
959 2847 1067 2928 aJove
1085 2856 1177 2928 patre
1195 2858 1377 2931 acceptam.

219 3006 221 3010 ,
254 2947 386 3011 Orestes
412 2956 528 3023 autem,
551 2957 587 3009 ut
609 2948 803 3009 Fritzschius
826 2948 1059 3029 interpretatur,
1080 2949 1143 3011 hoc
1165 2952 1266 3012 modo
1290 2951 1378 3014 Mer·

252 3050 391 3124 curium,
423 3051 476 3129 qui
502 3051 571 3131 ipse
600 3058 768 3130 paternum
800 3048 967 3128 imperium
998 3049 1182 3125 obtinebat,
1213 3052 1378 3133 implorat,

145 3225 147 3230 A
254 3154 342 3232 quod
365 3160 397 3213 et
419 3151 488 3232 ipse
506 3150 557 3213 illo
576 3160 725 3232 ternpore
740 3170 874 3230 regnum
892 3149 1059 3231 repetebat
1076 3160 1255 3232 paternum.
1281 3153 1379 3236 Quae

219 3261 221 3266 '
254 3262 362 3315 tamen
380 3253 579 3333 comparatio
595 3252 741 3314 Mercurii
761 3251 957 3313 condicionis
976 3261 1009 3313 et
1025 3251 1149 3315 Orestis
1168 3254 1262 3316 nimis
1278 3275 1378 3336 quae·

254 3357 314 3417 sita
332 3353 409 3415 mihi
428 3356 553 3417 videtur
571 3362 668 3434 atque
686 3352 810 3434 longius
829 3354 989 3415 arcessita.
1025 3352 1131 3416 Locus
1150 3364 1258 3417 autem
1277 3377 1379 3438 quem

254 3453 447 3517 Fritzschius
469 3454 561 3518 affert
583 3455 727 3530 similem,
750 3454 824 3517 Eur.
848 3453 948 3533 Iphig.
972 3454 1067 3516 Taur.
1089 3475 1117 3516 v.
1145 3472 1220 3534 1401
1247 3478 1285 3520 s.:

382 3585 488 3662 φιλεῖς
510 3581 546 3646 όέ
568 3578 625 3644 καί
648 3577 687 3644 οὐ
711 3576 772 3643 σόν
793 3580 1003 3664 κασίγνητον,

382 3687 492 3762 φιλεῖν
515 3682 552 3746 δὲ
576 3677 661 3766 κάμὲ
683 3679 764 3754 τοὺς
787 3677 976 3764 ὁμαίμονας
994 3677 1095 3746 δόκει.
1119 3719 1159 3728 -

255 3809 361 3872 Verbis
377 3809 433 3872 καὶ
456 3805 496 3873 σύ
514 3817 547 3870 et
561 3802 646 3890 κάμέ
663 3815 697 3868 et
711 3805 873 3887 appositis
896 3814 929 3868 et
951 3807 1085 3870 alterum
1101 3809 1190 3872 alteri
1207 3818 1380 3895 oppositis

255 3910 340 3986 haud
362 3908 473 3972 leviter
495 3908 601 3971 differt
624 3909 665 3970 ab
688 3907 751 3969 hoc
769 3905 850 3968 loc0.
882 3906 992 3988 ltaque
1014 3911 1080 3971 eius
1102 3911 1380 3994 interpretationis

254 4011 362 4074 habita
384 4012 508 4073 ratione
526 4031 564 4074 ea
581 4018 705 4072 tantum
724 4008 765 4070 de
783 4027 878 4070 causa
896 4008 996 4072 verba
1013 4007 1143 4095 πατρῷ’
1171 4012 1380 4085 ἐποπτεύων

254 4108 360 4196 κράτη
383 4113 424 4175 ab
446 4110 615 4191 Aeschylo
642 4110 791 4191 apposita
817 4127 889 4171 esse
911 4129 1039 4186 cense0‚
1073 4121 1108 4174 ut
1135 4115 1198 4176 hoc
1229 4119 1379 4198 epitheto
