3118 5040
613 461 881 554 ...27-'

159 647 266 703 autem
285 640 447 722 exemplo.
473 641 596 704 Verum
614 650 686 704 utut
701 662 752 706 res
770 643 852 708 haec
869 664 941 708 sese
958 645 1064 723 habet,
1081 646 1280 730 Sophoclem

159 762 222 805 non
244 743 403 823 probasse
424 742 582 823 Aeschyli
606 743 914 826 magniloquentiam
936 758 1072 812 constat.

242 844 328 908 Turn
355 844 398 908 ab
420 845 601 908 Himerio
625 880 665 890 -
688 845 726 908 cf.
752 847 856 910 Photii
879 847 1114 914 Bibliothecam
1140 872 1171 933 p.
1197 868 1276 915 2011

158 980 200 992 —
222 945 423 1026 Aeschyleae
445 946 591 1008 dictionis
623 947 668 1009 sic
699 947 735 1010 fit
765 949 902 1012 mentio:
933 941 962 1015 ὦ
996 948 1111 1028 πάθος
1135 955 1196 1038 τῆς
1222 952 1281 1019 Αἰ-

160 1044 285 1130 σχύλου
306 1049 562 1132 μεγαλοφωνίας
585 1041 695 1127 nigror!

242 1147 328 1211 Inter
351 1148 467 1210 latinos
489 1158 598 1212 autem
620 1152 793 1231 scriptores
812 1151 1002 1217 Horatius
1024 1156 1056 1216 in
1079 1157 1218 1236 epistola
1239 1158 1281 1219 ad

159 1250 354 1312 Pisones-
377 1271 406 1314 v.
431 1253 494 1314 280
516 1287 556 1296 --
579 1271 676 1331 quem
699 1250 808 1314 locum
832 1254 1016 1317 exscribam
1038 1255 1132 1333 infra,
1162 1256 1217 1319 ubi
1240 1257 1281 1320 de

158 1360 313 1433 apparatu
336 1351 486 1416 scaenico
509 1371 619 1432 agam,
650 1351 848 1436 Aeschylum
876 1374 994 1438 magna
1019 1355 1106 1438 loqui
1133 1359 1281 1421 docuisse

159 1460 277 1517 censet.

243 1555 371 1617 Deinde
402 1558 488 1636 apud
522 1557 773 1637 Propertium
803 1574 830 1636 3,
860 1573 910 1638 30,
932 1576 972 1639 43
1004 1559 1085 1623 haec
1114 1562 1279 1642 leguntur:

287 1657 408 1720 Desine
431 1667 464 1721 et
486 1656 673 1739 Aeschyleo
696 1679 894 1740 componere
916 1661 1016 1724 verba
1038 1661 1204 1738 cothurno

287 1761 416 1836 Desine,
439 1769 472 1824 et
493 1762 536 1823 ad
559 1760 673 1824 molles
696 1762 844 1826 membra
865 1762 992 1826 resolve
1014 1762 1139 1826 choros.

244 1863 393 1943 Denique
425 1860 711 1943 Quintilianus
743 1879 790 1938 10,
817 1881 842 1939 1,
863 1865 906 1926 66
929 1866 970 1927 de
992 1864 1145 1944 Aeschyli
1176 1865 1282 1928 elocu-

159 1967 246 2028 tione
267 1965 349 2028 haec
371 1964 514 2044 scripsit:
530 1961 747 2044 {Tragoedias
769 1967 893 2046 primus
915 1968 945 2028 in
968 1966 1073 2030 lucem
1096 1966 1281 2048 Aeschylus

158 2067 300 2148 protulit,
328 2066 473 2130 sublimis
497 2075 529 2132 et
556 2067 664 2147 gravis
687 2075 721 2130 et
741 2067 974 2149 grandiloquus
996 2089 1093 2150 saepe
1115 2089 1217 2150 usque
1239 2071 1281 2132 ad

160 2170 280 2246 vitium,
302 2172 361 2234 sed
384 2170 470 2233 rudis
493 2171 525 2231 in
543 2168 703 2250 plerisque
722 2177 754 2230 et
772 2169 1020 2250 incompositum
1042 2179 1176 2252 propter
1193 2173 1281 2252 quod

160 2281 373 2335 correctas
404 2274 471 2334 eius
495 2270 618 2334 fabulas
641 2270 672 2332 in
697 2270 867 2350 'certamen
898 2269 1023 2335 deferre
1051 2273 1283 2353 posterioribus

160 2376 265 2455 poetis
296 2372 514 2437 Athenienses
550 2371 778 2454 permiserunt,
815 2381 954 2453 suntque
985 2394 1024 2438 eo
1055 2375 1157 2436 modo
1193 2372 1283 2436 multi

161 2470 322 2541 coronati.²
370 2475 469 2558 Quod
492 2474 679 2558 Quintiliani
708 2474 859 2536 iudicium
888 2476 982 2538 nimis
1013 2476 1129 2537 durum
1157 2475 1283 2537 videtur

162 2599 241 2642 esse.
304 2579 390 2640 Nam
430 2577 528 2641 etiam
566 2577 592 2638 si
622 2575 783 2656 Aeschyli
815 2575 1125 2657 magniloquentiam
1155 2577 1283 2658 saepius

163 2682 296 2744 modurn
320 2680 498 2743 excessisse
520 2679 679 2754 concedo,
706 2686 815 2740 tamen
836 2675 1039 2758 Aeschylum
1065 2679 1121 2741 vix
1143 2678 1284 2760 appella·

163 2784 262 2846 verim
280 2791 413 2864 poetam
428 2783 541 2844 rudem
560 2789 592 2846 et
607 2781 866 2861 incompositum.
902 2779 960 2842 Ad
977 2788 1064 2844 recte
1078 2781 1283 2844 iudicandum

163 2883 365 2965 Aeschylum
382 2885 416 2946 id
434 2903 563 2964 quoque
582 2882 817 2964 respiciendum
833 2891 891 2958 est,
906 2883 1095 2963 scripturam
1110 2883 1283 2946 verborum

164 3006 392 3066 nonnunquam
414 3006 486 3048 esse
509 2993 703 3065 corruptam.
748 2983 961 3046 Correctas
979 2981 1137 3064 Aeschyli
1160 2983 1284 3046 fabulas

165 3089 195 3148 in
217 3108 367 3150 scaenam
390 3108 461 3150 esse
483 3086 625 3169 prolatas
648 3107 667 3150 a
689 3087 793 3168 poetis
811 3085 1043 3166 posterioribus
1067 3093 1202 3160 constat,
1224 3085 1284 3147 etsi

164 3187 226 3252 hoc
249 3191 398 3270 ignorare
420 3190 546 3252 videtur
568 3187 777 3269 biographus
800 3190 853 3268 qui
875 3186 955 3250 haec
976 3195 1102 3250 tantum
1125 3188 1167 3248 de
1190 3205 1228 3247 ea
1250 3205 1284 3246 re

165 3290 268 3353 affert:
288 3285 463 3376 Ἀθηναῖοι
484 3291 522 3357 δὲ
544 3293 714 3357 τοσοῦτον
731 3284 906 3376 ἠγάπησαν
923 3284 1102 3371 Αἰσχύλον,
1121 3283 1169 3363 ὡς
1185 3287 1285 3372 dippi-

167 3399 289 3459 σασθαι
309 3391 393 3476 μετὰ
415 3389 572 3460 θάνατον
594 3387 713 3472 αὐτοῦ,
734 3389 798 3458 τὸν
819 3387 1027 3475 βουλόμενον
1051 3386 1220 3456 διδάσκειν
1242 3386 1284 3453 τὰ

167 3491 348 3577 Αἰσχύλου,
370 3492 477 3578 χορὸν
498 3490 692 3580 λαμβάνειν.

251 3596 346 3660 Plura
373 3596 487 3660 afferre
518 3599 558 3660 de
580 3595 738 3676 Aeschyli
760 3595 941 3660 elocutione
962 3595 1094 3675 longum
1118 3600 1180 3666 est,
1210 3611 1283 3653 cum

167 3697 344 3777 permultae
358 3701 403 3762 ‘de
426 3720 465 3762 ea
483 3721 517 3764 re
539 3707 638 3780 agant
661 3699 912 3773 dissertationes,
936 3717 1070 3778 quarum
1093 3694 1193 3758 affero
1215 3693 1286 3756 has:

253 3800 352 3864 Henr.
375 3800 514 3875 Hartz‚
537 3800 589 3862 De
611 3798 809 3862 anacoluthis
835 3800 923 3881 apud
944 3797 1147 3878 Aeschylum
1170 3805 1204 3862 et
1226 3795 1285 3860 So·

167 3899 326 3981 phoclem‚
348 3902 453 3968 Berol.
480 3903 568 3982 1856.
593 3904 621 3965 8.
645 3902 686 3981 36
706 3921 761 3982 pp.

247 4004 311 4085 Jos.
336 4004 516 4087 Sanneg,
550 4004 602 4068 De
632 4002 865 4066 vocabulorum
896 4002 1132 4083 compositione
1163 3999 1286 4064 Graeca

167 4108 339 4189 praecipue
360 4106 558 4188 Aeschylea.
604 4105 695 4170 Halis
717 4103 795 4171 Sax.
823 4106 911 4184 1865.
935 4107 963 4168 8.
986 4121 1021 4184 31
1047 4123 1101 4186 pp.
