3118 5040
518 1121 520 1125 ’
545 1107 953 1202 ARGUMENTUM.

1221 1355 1276 1405 l’ag.

188 1425 311 1472 Praelatio
347 1460 1165 1478 ....................
1221 1439 1284 1488 1-3

188 1509 218 1558 Α.
237 1505 280 1558 De
298 1510 515 1574 Aristophane
537 1524 721 1559 summorum
746 1511 859 1559 aetatis
882 1526 955 1559 suae
974 1512 1165 1574 tragicorum

254 1594 373 1643 iudicia
392 1629 1164 1646 ...................
1217 1607 1283 1656 4-7

187 1679 213 1726 Β.
233 1678 453 1744 Aristophanis
471 1680 507 1728 de
524 1677 676 1744 Aeschyli
693 1679 786 1743 poesi
805 1679 940 1728 iudicia:

683 1816 764 1881 Caput
782 1817 801 1865 Ι.

531 1914 570 1967 De
589 1916 709 1981 Aeschyli
728 1917 830 1981 ingenio
848 1918 948 1969 iudicia.

184 2003 205 2064 ῤ.
228 2016 249 2052 1.
284 2004 325 2051 De
343 2003 459 2050 universo
476 2002 579 2066 ingenio
605 2037 1163 2052 ..............
1218 2012 1300 2064 7-15

185 2087 208 2148 Ξ.
228 2100 250 2136 2.
286 2088 326 2135 De
344 2086 484 2136 fabularum
503 2087 685 2152 compositione
732 2123 1163 2140 ...........
1203 2087 1301 2150 15—18

677 2225 759 2288 Caput
776 2224 809 2273 ΙΙ.

516 2322 557 2373 De
574 2322 695 2389 A'eschyli
713 2325 855 2375 elocutione
875 2326 974 2374 iudicia.

181 2426 203 2487 ξ.
224 2438 247 2488 3.
282 2428 323 2476 De
342 2427 458 2476 universa
476 2427 617 2476 elocutione
645 2465 1160 2479 .............
1200 2423 1298 2473 18—28

182 2512 203 2572 Ξ.
223 2525 248 2572 4.
285 2508 325 2560 De
342 2512 457 2576 prologis
475 2512 567 2561 iudicia
604 2549 1161 2566 ,,,,,,,,,,,,,,
1199 2508 1258 2558 28—
1267 2522 1299 2572 33

670 2649 751 2714 caput
768 2649 814 2699 lli.

184 2750 205 2812 Ξ.
225 2759 249 2813 5.
283 2751 324 2799 De
342 2750 462 2814 Aeschyli
479 2751 571 2800 melica
587 2750 658 2816 poesi
675 2751 766 2800 iudicia
812 2788 819 2800 .
853 2789 859 2800 .
897 2797 899 2801 .
938 2791 943 2800 .
981 2790 985 2798 .
1022 2789 1028 2798 .
1108 2791 1112 2800 .
1151 2789 1155 2798 .
1191 2763 1295 2814 33-40

670 2887 752 2950 Caput
769 2886 814 2935 IV.

182 2989 203 3050 Q.
222 2988 246 3038 6.
281 2989 320 3039 De
338 2988 458 3052 Aeschyli
475 3005 502 3037 re
520 2989 634 3037 scaenica
652 2987 745 3036 iudicia
771 3024 777 3037 .
798 2955 812 2988 ⁸
814 3026 1160 3041 .........
1195 3002 1297 3050 40-44

680 3123 762 3188 Caput
776 3125 808 3175 V.

187 3227 207 3288 Ξ.
229 3238 251 3287 7.
286 3226 328 3274 De
337 3225 362 3274 vi
372 3229 397 3274 et
406 3225 496 3274 effectu
506 3225 627 3289 Aeschyli
645 3225 787 3274 tabularum
812 3225 866 3274 sive
889 3225 921 3274 do
933 3225 1060 3289 Aeschylo
1070 3225 1161 3275 civium

285 3325 384 3360 suorum
403 3315 564 3376 praeceptore
601 3346 1159 3363 ..............
1195 3324 1297 3376 44-50
