3118 5040
578 681 645 751 ἀλλ’
672 679 774 765 ὅπως,
798 677 826 750 ὦ
848 684 1003 770 γεννάδα,

489 787 532 874 μὴ
555 787 642 874 πρὸς
664 783 767 874 ὀργὴν
789 783 978 868 ἀντιλέξεις,

491 885 575 955 ἀλλὰ
597 892 768 966 συστείλας
790 885 920 973 ἄκροισι

575 988 751 1077 χρώμενος
772 1004 845 1068 τοῖς
867 991 985 1068 ἱστίοις

492 1089 565 1160 εἶτα
585 1097 715 1179 μᾶλλον
736 1097 865 1178 μᾶλλον
888 1088 975 1172 ἄξεις

573 1199 629 1262 καὶ
653 1193 816 1278 φυλάξεις,

491 1293 573 1384 r‘yle’
599 1294 642 1363 ἂν
655 1297 704 1363 .τό
727 1298 858 1381 πνεῦμα
880 1301 972 1362 λεῖον

573 1402 629 1465 καὶ
651 1397 861 1484 καθεστηκὸς
882 1395 991 1481 λάβῃς.

370 1503 492 1566 Versus
522 1519 585 1582 992
616 1510 665 1564 est
688 1485 847 1582 'Aeschyli
875 1501 1119 1581 Myrmidonum
1149 1503 1280 1564 initium.
1328 1501 1404 1584 Quo

285 1603 416 1668 laudato
446 1615 556 1668 tamen
587 1625 680 1668 versu
711 1603 895 1684 Aeschylus
926 1624 991 1665 non
1022 1605 1184 1677 irridetur,
1219 1605 1278 1665 sed
1308 1604 1406 1666 laude

286 1707 427 1782 effertur,
453 1727 525 1770 cum
548 1705 684 1768 Achillis
712 1705 887 1787 appelletur
913 1706 1046 1767 nomine
1075 1714 1241 1785 tamquam
1270 1706 1351 1769 inira
1373 1729 1405 1770 v.

283 1823 346 1888 997
369 1809 470 1872 verbo
489 1798 531 1871 ‘ul
554 1801 714 1890 γεννάδα.>
760 1807 910 1870 Monetur
932 1816 1041 1870 autem
1063 1789 1258 1889 Aeschylus,
1281 1829 1321 1871 ne
1343 1810 1403 1870 im-

284 1917 361 1991 petu
384 1910 535 1991 abreptus
559 1908 677 1972 feratur
695 1917 788 1972 extra
805 1908 902 1971 oleas.
935 1908 1008 1971 Huc
1025 1909 1126 1972 altera
1144 1909 1267 1972 accedit
1285 1909 1403 1991 image,

284 2033 347 2094 qua
369 2010 521 2091 Aeschyli
545 2012 706 2074 iracundia
733 2012 839 2073 denuo
862 2020 1067 2092 comparatur
1097 2031 1170 2073 cum
1197 2018 1403 2093 tempestate,

284 2116 314 2176 in
338 2135 402 2194 qua
424 2115 595 2176 contractis
617 2114 696 2175 velis
720 2132 836 2176 navem
859 2111 1031 2192 gubernari
1052 2120 1190 2194 oportet.

368 2216 515 2295 Denique
547 2237 574 2277 v.
610 2231 690 2277 1020
722 2214 867 2278 Bacchus
898 2214 1086 2278 adhortatur
1116 2214 1317 2295 Aeschylum
1351 2214 1402 2276 his

284 2318 407 2381 verbis:

353 2416 521 2503 Αἰσχύλε,
544 2419 647 2498 λέξον,
669 2413 744 2503 {aad
769 2413 930 2493 αὐθαδῶς
952 2415 1195 2503 σεμνυνόμενος
1210 2419 1398 2501 χαλέπαινε.

283 2524 358 2606 Quo
381 2525 454 2586 loco
477 2521 578 2584 tribus
600 2520 707 2584 verbis
730 2521 938 2602 gravissimis:
968 2516 1129 2595 αὐθαδῶς
1151 2517 1398 2605 σεμνυνόμενος

278 2625 456 2708 χαλέπαινε
475 2625 616 2686 comicus
632 2621 788 2703 Aeschyli
810 2624 912 2706 pingit
930 2622 1133 2686 atrocitatem
1155 2633 1188 2686 et
1205 2623 1400 2704 superbiam.

368 2727 490 2789 Verum
518 2726 606 2806 pium
639 2745 768 2805 quoque
801 2733 833 2788 et
862 2723 1045 2805 religiosum
1068 2725 1226 2805 Aeschyli
1256 2725 1400 2787 animum

283 2830 436 2892 describit
458 2828 614 2902 comicus,
637 2847 710 2889 nam
733 2826 935 2908 Aeschylum
957 2829 1051 2893 deam
1078 2829 1213 2908 patriam
1241 2829 1286 2889 sic
1307 2826 1400 2906 fingit

282 2940 466 3013 precantem
488 2952 517 2991 v.
540 2931 603 2993 886
625 2951 663 2990 s:
1193 2919 1197 2936 ⁸

409 3029 558 3118 Δήμητερ
580 3028 601 3116 ἡ
624 3030 780 3112 θρέψασα
802 3029 865 3115 τὴν
886 3028 968 3114 ἐμὴν
990 3031 1104 3112 φρένα,

410 3130 495 3200 εἷναί
516 3157 556 3218 με
578 3137 648 3198 τῶν
671 3135 740 3197 σῶν
763 3126 857 3210 ἄξιον
878 3134 1077 3217 μυστηρίων.

292 3283 293 3292 ,
366 3237 397 3299 A
420 3257 482 3316 qua
505 3233 657 3314 Aeschyli
679 3235 800 3315 pietate
823 3255 919 3314 quam
943 3235 1083 3296 maxime
1108 3233 1270 3314 discrepat
1297 3232 1398 3314 frigus

202 3343 208 3364 “
280 3341 450 3419 Euripidis,
473 3338 526 3417 qui
549 3357 653 3399 novos
676 3338 755 3398 deos
778 3336 837 3398 sibi
860 3335 953 3416 fingit
973 3333 1070 3409 A'era,
1094 3334 1251 3410 Aethera,
1274 3334 1399 3410 Nubes,

280 3440 318 3504 cf.
343 3441 402 3502 Ar.
424 3438 508 3502 Nub.
533 3441 597 3516 264
618 3459 642 3501 ε.

365 3540 544 3606 Scholiasta
574 3542 616 3603 ad
647 3541 731 3602 hunc
761 3559 858 3618 quem
887 3538 987 3600 modo
1014 3537 1177 3600 attulimus
1207 3538 1314 3599 locum
1341 3540 1399 3599 ad-

280 3646 415 3708 notavit:
438 3641 507 3708 έστι
531 3642 693 3708 δὲταῦτα
716 3640 756 3706 τὸ
775 3639 856 3716 έπσς
867 3635 1044 3722 Αἰσχύλου,
1066 3659 1149 3718 quae
1166 3648 1274 3700 tamen
1298 3639 1400 3701 verba

280 3767 299 3808 a
321 3754 472 3826 quattuor
495 3747 611 3808 absunt
636 3744 723 3806 libris
754 3744 883 3823 optimis
906 3751 938 3803 et
960 3764 978 3802 a
999 3740 1214 3803 Welckerol.
1237 3740 1256 3801 l.
1279 3760 1309 3820 p.
1337 3744 1394 3803 161

279 3868 338 3929 pro
361 3849 542 3909 coniectura
564 3845 720 3909 habentur
742 3843 907 3924 superflua.
952 3841 1144 3904 Fritzschius
1163 3851 1270 3904 autem
1293 3846 1400 3923 sequi-

279 3958 329 4010 tur
347 3947 553 4011 scholiastam
572 3957 605 4010 et
620 3953 730 4009 censet
747 3944 846 4006 hosce
863 3963 973 4006 versus
991 3944 1114 4005 initium
1133 3941 1229 4004 fuisse
1241 3943 1400 4026 Aeschyli

280 4049 407 4113 fabulae
429 4070 511 4129 quae
543 4046 772 4111 inscribebatur
795 4040 996 4111 Ἐλευσίνιοι.
1041 4043 1138 4126 Quod
1166 4046 1296 4123 quidem
1325 4067 1401 4110 esse

277 4160 386 4232 potest
399 4171 502 4231 neque
519 4159 627 4212 tamen
638 4148 858 4211 demonstrari.
882 4145 992 4210 Simile
1014 4146 1167 4226 quiddam
1184 4146 1400 4227 praebetRa·
