3118 5040
611 477 818 540 -n—

156 631 244 711 quod
277 630 318 692 de
347 626 509 712 Euripidis
540 629 805 692 cavillatione-
833 651 862 691 v.
897 630 976 709 1167
1004 649 1028 692 s
1059 665 1101 674 —
1130 628 1279 690 Bacchus

155 730 239 809 facit,
260 733 377 794 iudicio
400 753 429 794 v.
457 733 549 812 1169:

283 823 320 897 εὖ
344 831 386 919 νὴ
410 829 474 897 τὸν
492 830 621 918 Ἑρμῆν·
646 825 700 897 ὅτι
723 831 828 915 λέγεις
850 825 935 895 δὀὐ
957 827 1138 915 μανθάνω.

156 943 188 997 et
218 955 260 997 ex
292 933 398 997 verbis
427 934 641 1015 lepidissimis,
673 933 790 1014 quibus
818 932 962 994 Bacchus
981 932 1187 1014 Aeschylum
1217 953 1279 994 suo

155 1037 220 1098 iure
243 1035 393 1099 audiendi
415 1036 550 1098 verbum
573 1036 739 1116 repetiisse
761 1033 930 1096 confirmat
952 1055 981 1094 v.
1008 1048 1084 1114 1175
1110 1055 1147 1096 s.:

284 1133 490 1222 τεθνηκόσιν
512 1135 575 1220 γὰρ
598 1134 719 1220 ἔλεγεν,
741 1125 769 1199 ὦ
790 1131 943 1219 μόχθηρε
966 1131 1015 1211 σύ,

286 1233 336 1312 οἷς
358 1234 439 1303 οὐδὲ
461 1238 534 1322 τρὶς
556 1238 710 1323 λέγοντες
731 1232 964 1319 ἐξικνούμεθα.

616 1426 812 1435 .-n----..---

624 1575 728 1657 Caput
751 1575 802 1637 ΙΙΙ.

414 1731 434 1792 Ξ.
455 1740 477 1794 5.
516 1728 555 1778 De
573 1730 694 1793 Aeschyli
712 1729 806 1778 melica
823 1731 895 1793 poesi
914 1730 1013 1780 iudicia.

239 1862 468 1945 Aristophanis
499 1865 540 1926 de
572 1861 728 1944 Aeschyli
765 1863 878 1926 melica
908 1865 1000 1944 poesi
1031 1865 1145 1926 iudicia
1176 1885 1274 1945 quam

152 1967 390 2029 accuratissime
413 1985 611 2045 componere
638 1973 670 2026 et
700 1966 884 2027 examinare
910 1965 1031 2039 studui,
1063 1966 1122 2028 sed
1152 1987 1274 2041 vereor,

151 2088 191 2131 ne
208 2069 287 2131 satis
302 2076 451 2131 accurate
467 2068 550 2129 hunc
568 2066 674 2128 locum
691 2087 754 2129 non
770 2069 1040 2148 pertractaverim,
1060 2088 1134 2130 nam
1152 2069 1276 2149 primus

150 2190 224 2232 eam
257 2190 325 2232 rem
361 2168 578 2231 difficillimam
610 2170 759 2247 tractavi,
790 2177 821 2230 et
852 2170 955 2230 minus
989 2188 1087 2248 quam
1118 2169 1272 2250 optabam

150 2271 231 2334 mihi
254 2270 359 2333 adhuc
382 2269 439 2332 suit
462 2273 529 2342 otii.
574 2271 646 2333 Huc
668 2272 794 2333 accedit
816 2270 892 2332 illud
911 2272 1018 2345 etiam,
1041 2271 1130 2351 quod
1149 2271 1190 2333 de
1208 2292 1274 2334 me-

147 2374 211 2437 lica
232 2371 390 2453 Aeschyli
421 2375 512 2454 poesi
543 2371 658 2434 iudicia
681 2370 910 2453 Aristophanis
940 2392 1014 2452 pars
1045 2380 1169 2434 tantum
1197 2383 1273 2435 sunt

147 2475 242 2537 huius
272 2474 385 2550 libelli,
417 2477 458 2536 de
491 2494 553 2554 qua
584 2474 712 2537 uberius
745 2474 908 2554 disputare
937 2471 988 2535 hic
1019 2493 1077 2554 per
1108 2477 1272 2555 angustias

146 2576 244 2657 spatii
266 2595 330 2637 non
352 2575 478 2638 licebat.
522 2576 634 2656 Itaque
656 2583 780 2636 tantum
803 2575 909 2649 abest,
943 2583 978 2636 ut
1005 2595 1076 2636 eam
1105 2576 1271 2638 materiam

149 2698 204 2740 me
227 2678 415 2740 exhausisse
437 2686 556 2758 putem,
579 2687 614 2738 ut
637 2685 806 2738 contentus
830 2674 950 2738 futurus
969 2678 1039 2751 sim,
1062 2677 1087 2738 si
1107 2676 1273 2740 iudicabor

149 2798 288 2860 parvum
311 2779 433 2840 initium
463 2776 575 2841 fecisse
603 2788 634 2840 et
662 2776 903 2840 fundamentum
930 2780 1091 2858 posuisse,
1124 2799 1189 2860 quo
1217 2789 1271 2842 aut

149 2900 215 2960 ego
238 2881 305 2960 ipse
327 2882 495 2961 posterius,
518 2881 543 2940 si
566 2881 643 2941 satis
663 2879 737 2941 mihi
760 2879 819 2941 erit
837 2879 901 2953 otii,
923 2889 978 2942 aut
996 2878 1045 2942 alii
1063 2882 1119 2941 niti
1137 2884 1270 2968 possint.

150 2979 278 3062 Quibus
300 2982 484 3062 praemissis
507 2980 549 3042 ad
571 2982 774 3062 propositum
797 2988 1002 3045 revertamur.

234 3083 286 3144 De
316 3080 475 3162 Aeschyli
506 3090 537 3144 et
567 3083 728 3163 Euripidis
764 3080 956 3143 carminibus
988 3081 1123 3143 choricis
1154 3084 1270 3146 iudicia

148 3183 351 3245 continentur
387 3183 551 3245 Ranarum
600 3184 744 3264 episodio
790 3185 928 3264 septimo
974 3204 1003 3246 v.
1053 3185 1270 3265 1261—1369.

147 3283 307 3364 Aeschyli
337 3286 469 3365 quidem
501 3285 590 3347 chori
621 3285 747 3347 cantica
778 3285 913 3347 seorsim
944 3293 1120 3347 tractantur
1150 3286 1224 3349 inde
1251 3307 1270 3348 a

147 3405 245 3449 versu
273 3387 347 3448 1261
369 3406 472 3466 usque
494 3387 537 3447 ad
564 3401 651 3466 1300.
683 3386 900 3448 introducitur
921 3379 1036 3448 autem
1053 3386 1086 3447 id
1108 3395 1269 3448 certamen

146 3487 286 3570 episodii
309 3489 392 3549 sexti
411 3486 555 3550 versibus
579 3490 741 3563 extremis,
765 3488 818 3549 ubi
836 3488 1006 3569 Euripides
1029 3485 1109 3550 haec
1131 3486 1270 3552 affirmat

146 3611 176 3650 v.
205 3604 287 3668 1249
308 3609 345 3650 s.:
561 3577 564 3584 ’

276 3689 418 3777 καὶμὴν
443 3690 506 3772 ἔχω
528 3682 614 3774 γ’ώς
636 3684 743 3755 αὐτὸν
766 3685 934 3770 ἀποδείξω
957 3690 1065 3757 κακὸν

274 3788 457 3876 μελοποιὸν
480 3785 567 3856 ὄντα
589 3792 644 3857 καὶ
666 3796 837 3858 ποιοῦντα
859 3786 951 3857 ταῦτ’
977 3787 1038 3857 ἀεὶ.

234 3893 354 3957 Contra
375 3895 491 3957 chorus
514 3894 681 3974 quomodo
704 3895 772 3957 fieri
795 3895 910 3976 possit,
933 3902 969 3955 ut
990 3893 1162 3976 Euripides
1183 3895 1266 3976 prin·

144 3997 253 4078 cipem
276 3996 469 4058 canticorum
504 4005 635 4078 poetam
664 3998 836 4078 vituperet,
867 3997 916 4058 his
944 3997 1075 4058 miratur
1104 3994 1211 4057 verbis
1238 4017 1266 4057 v.

147 4099 328 4177 1251—56:
1310 4084 1312 4088 ’

1061 4213 1076 4263 3
