3118 5040
742 493 954 564 ..13-

285 667 513 750 Aristophanis
536 669 737 750 temporibus
760 670 940 751 loquantur.
985 671 1102 732 Postea
1130 677 1238 731 autem
1260 668 1409 732 Bacchus

271 768 427 852 'Euripidi
450 773 481 833 in
504 792 543 834 eo
565 773 751 846 assentitur,
781 772 869 851 quod
892 773 1057 833 Ranarum
1087 771 1288 852 temporibus
1319 773 1409 851 quod

283 873 398 935 attinet
429 874 470 935 ad
502 872 680 934 fabularum
714 873 957 953 dispositionem
986 871 1171 952 Aeschylus
1201 880 1407 953 comparatus

284 993 358 1034 cum
390 975 496 1055 poetis
527 973 759 1055 posterioribus
793 994 827 1036 re
857 994 933 1035 vera
960 973 1147 1036 discedebat
1173 972 1239 1036 fere
1266 972 1405 1037 inferior.

285 1073 421 1155 Optime
455 1084 564 1137 autem
595 1077 636 1138 de
666 1096 704 1138 ea
736 1076 885 1136 disseruit
916 1096 950 1136 re
981 1075 1209 1154 Bernhardyus
1236 1074 1329 1138 litter.
1360 1095 1410 1156 gr.-

290 1193 318 1252 2,
341 1179 403 1239 262
428 1180 521 1258 (247).

761 1497 866 1580 Caput
888 1498 925 1560 ΙΙ.

567 1651 619 1712 De
641 1651 787 1726 Aeschyli
806 1652 970 1714 elocutione
993 1651 1119 1714 iudicia.

624 1804 642 1866 l.
662 1817 686 1866 3.
721 1806 761 1853 De
780 1806 896 1854 universa
915 1805 1064 1854 elocutione.

367 1903 602 1986 Aristophanes
622 1904 776 1984 Aeschyli
796 1906 943 1967 dictionis
966 1906 1181 1985 granditatem
1200 1905 1406 1987 potissimum

283 2007 401 2089 premit
423 2015 521 2087 atque
543 2008 665 2087 passim
688 2009 785 2069 etiam
813 2007 903 2082 (Ran.
926 2008 991 2086 926
1013 2027 1036 2070 s.
1060 2022 1124 2086 930
1145 2005 1204 2090 ss)
1231 2005 1406 2068 obscurita-

283 2118 352 2171 tem
369 2109 639 2190 asperitatemque
658 2108 729 2188 (Ar.
750 2107 808 2189 srg.
831 2110 912 2187 526).
947 2108 1038 2170 ldem
1056 2109 1186 2170 recurrit
1202 2110 1234 2170 in
1257 2109 1407 2170 omnibus

282 2209 348 2272 sere
370 2210 459 2290 locis,
486 2211 601 2290 quibus
625 2208 780 2290 Aeschyli
805 2210 992 2272 elocutionis
1015 2210 1136 2272 mentio
1159 2210 1205 2290 fit,
1229 2230 1310 2290 quos
1331 2210 1406 2273 ideo

287 2315 350 2376 iam
373 2333 576 2394 componam.
988 2297 991 2302 ¹

368 2414 422 2476 Ac
452 2409 598 2497 primum
618 2414 747 2494 quidem
770 2413 1008 2497 Aristophanes
1042 2413 1188 2490 chorum,
1220 2416 1414 2496 priusquam·

284 2525 448 2580 certamen
480 2517 689 2579 commissum
726 2525 792 2592 est,
829 2516 909 2578 haec
946 2518 1105 2579 dicentem
1134 2515 1229 2579 finxit
1259 2516 1339 2580 Ran.
1375 2536 1406 2580 v.

285 2620 466 2698 818-829:

413 2717 505 2784 ἔσται
529 2713 560 2782 d’
573 2715 777 2799 ἱππολόφων
799 2741 836 2783 τε
858 2714 971 2802 λόγων
992 2720 1203 2804 κορυθαίολα
1224 2720 1316 2804 νείκη

411 2817 647 2906 σκινδαλάμων
668 2845 706 2886 τε
727 2817 915 2904 παραξόνια
938 2817 1140 2906 σμιλεύματά
1162 2815 1190 2886 τ’
1203 2819 1311 2907 ἔργων

286 2928 348 2987 820
413 2922 529 3006 φωτός
548 2919 765 3009 ’ἀμυνομένου
787 2924 1055 3006 φρενοτέκτονος
1078 2918 1203 3008 ἀνδρὸς

641 3020 767 3113 ῥήμαθ’
794 3022 1019 3109 ἱπποβάμονα.

412 3128 530 3210 φρίξας
552 3122 783 3212 δἀὐτοκόμου
805 3127 926 3207 λοφιᾶς
947 3123 1147 3209 λασιαύχενα
1169 3127 1289 3212 χαίτην

413 3227 531 3294 όεινὸν
554 3226 752 3294 ἐπισκύνιον
774 3224 941 3312 ξυνάγων,
963 3224 1175 3312 βρυχώμενος
1195 3219 1267 3313 ἥσει

411 3327 542 3418 ῥήματα
564 3334 774 3417 γομφοπαγῆ,
796 3329 986 3414 πινακηδὸν
1009 3325 1176 3395 ἀποσπῶν

636 3447 771 3517 γηγενεῖ
792 3429 971 3518 φυσήματι
1024 3449 1030 3458 ·

412 3531 516 3601 ἔνθεν
539 3533 578 3620 δὴ
603 3533 855 3619 στοματουργὸς
876 3535 970 3602 ἐπῶν
992 3535 1208 3620 βασανίστρια
1229 3536 1328 3618 λίσπη

411 3631 532 3721 γλῶσσ
558 3627 803 3720 ἀνελισσομένη,
826 3635 1020 3720 φθονεροὺς
1038 3640 1181 3702 κινοῦσα
1196 3633 1365 3720 χαλινούς,

417 3735 546 3828 ῥήματα
566 3738 725 3822 δαιομένη
747 3736 1071 3825 καταλεπτολογήσει

639 3835 842 3921 πνευμόνων
864 3837 974 3904 πολὺν
995 3837 1113 3905 πόνον.

370 3940 476 4023 Quam
496 3941 752 4025 ingeniosissime
771 3948 804 4002 et
821 3940 986 4003 verissime
1009 3941 1057 4003 his
1076 3942 1222 4003 versibus
1247 3943 1410 4009 imitando

283 4041 444 4123 effingitur
474 4041 631 4122 Aeschyli
662 4041 835 4104 verborum
866 4043 1016 4122 gravitas
1066 4042 1260 4105 Tribuuntur
1294 4055 1411 4110 autern

283 4143 453 4224 Aeschylo
476 4142 576 4206 verba
598 4142 662 4205 alte
685 4143 814 4206 cristata
832 4147 871 4222 (v.
890 4145 959 4206 818.
978 4139 1164 4224 ἱππόλοφοι
1182 4140 1300 4227 λόγοι),
1324 4167 1413 4230 quae
