3118 5040
616 519 824 582 ..29-

156 671 241 734 hunc
268 690 397 734 versum
426 671 513 734 haud
542 671 638 734 dubie
664 675 807 752 spurium
839 693 910 736 esse
941 683 1068 754 censet,
1099 693 1172 737 cum
1202 673 1278 737 nihil

157 773 188 834 in
205 772 417 855 prologorum
435 772 700 853 Aeschyleorum
723 793 858 838 censura
869 775 1036 856 Euripides
1055 777 1278 858 reprehendat,

157 876 245 956 quod
269 884 394 957 spectet
415 875 457 938 ad
481 876 629 938 dictionis
657 875 687 937 in
709 875 806 940 rebus
828 878 1012 940 enarrandis
1035 877 1277 943 obscuritatem.

156 977 298 1058 Bergkio
321 997 449 1058 quoque
471 979 497 1040 is
519 997 631 1041 versus
653 985 703 1040 est
724 988 899 1058 suspectus
922 999 1024 1059 neque
1046 989 1154 1042 tamen
1177 979 1229 1044 ille
1247 982 1278 1043 in

157 1077 336 1142 fabulamm
359 1078 674 1161 Aristophanearum
696 1079 894 1161 praefatione
916 1081 1042 1144 addidit
1064 1101 1202 1144 causam.

244 1181 369 1264 Quibus
405 1182 480 1244 viris
517 1181 622 1244 doctis
655 1182 719 1243 non
751 1182 919 1262 astipulor:
957 1203 1060 1264 neque
1098 1185 1278 1264 Hartungio

157 1283 345 1364 Euripidem
354 1282 635 1365 Aristophaneum
655 1292 742 1346 recte
760 1284 933 1347 damnasse
944 1283 1097 1364 Aeschyli
1115 1285 1279 1366 prologos

158 1405 262 1467 neque
284 1385 458 1460 Meineki0‚
485 1386 559 1447 ideo
582 1385 666 1447 hunc
688 1405 817 1446 versum
832 1399 912 1448 'esse
934 1386 1161 1460 omittendum,
1191 1385 1280 1465 quod

159 1506 222 1549 non
245 1495 432 1568 sequuntur,
462 1487 493 1548 in
520 1487 635 1568 quibus
664 1486 810 1547 dictionis
836 1486 868 1547 in
896 1485 992 1549 rebus
1015 1488 1199 1550 enarrandis
1221 1485 1279 1548 ob·

159 1577 292 1650 scuritas
323 1588 430 1650 verbis
459 1589 578 1668 apertis
608 1587 868 1668 reprehendatur.
912 1586 965 1649 Ac
994 1608 1066 1650 cum
1096 1589 1279 1668 Hartungio

159 1690 288 1770 quidem
310 1710 374 1752 non
397 1689 509 1764 sentio,
532 1691 606 1770 quia
629 1709 693 1750 non
711 1689 879 1770 perspicio
903 1709 959 1751 cur
975 1688 1133 1771 Aeschyli
1150 1689 1279 1771 prologi

159 1791 221 1853 sint
242 1791 422 1854 damnandi.
459 1789 580 1854 Contra
601 1791 643 1853 ab
659 1790 812 1870 Euripide
834 1789 1077 1872 Aristophaneo
1099 1790 1151 1853 hic
1170 1812 1279 1854 versus

160 1894 323 1973 aptissime
348 1890 516 1973 profertur.
561 1891 675 1973 Neque
704 1912 782 1954 vero
810 1893 840 1953 in
867 1895 1038 1956 comoedia
1064 1913 1196 1956 necesse
1222 1902 1279 1967 est,

158 1993 240 2056 hanc
249 1995 439 2056 sententiam
449 1995 547 2056 docta
562 2003 713 2074 sequatur
731 1996 977 2074 argumentatio
995 2014 1091 2074 quam
1101 1993 1279 2057 Meinekius

160 2104 192 2158 et
220 2095 366 2158 Kockius
397 2095 637 2176 exspectavisse
670 2096 827 2158 videntur.
879 2094 1132 2176 Argumentatio
1162 2104 1279 2172 autem,

160 2218 241 2278 quae
263 2196 453 2259 comoediae
477 2206 525 2259 est
548 2205 637 2278 apta,
660 2197 791 2259 minime
814 2199 913 2271 deest,
936 2195 975 2258 cl.
996 2196 1155 2278 Euripidis
1181 2199 1281 2261 verba

159 2320 187 2364 v.
214 2315 386 2378 1141—43.
431 2297 543 2378 Itaque
570 2299 627 2360 nisi
658 2296 738 2360 aliae
760 2297 934 2360 afferuntur
961 2317 1088 2372 causae,
1119 2298 1279 2374 Meinekii‚

158 2401 294 2482 Bergkii,
316 2401 435 2464 Kockii
458 2402 650 2463 sententiam
674 2420 738 2462 non
761 2419 887 2480 sequor.

242 2504 502 2584 Perstringuntur
519 2511 628 2564 autem
646 2502 688 2563 ab
697 2502 849 2582 Euripide
867 2503 966 2565 verba
979 2501 1112 2576 Orestis,
1127 2522 1146 2563 a
1164 2501 1279 2582 quibus

159 2604 309 2687 Aeschyli
346 2603 532 2686 Choephori
568 2625 596 2666 ν,
640 2617 717 2683 1-5
756 2604 924 2684 incipiunt,
964 2601 1043 2665 haec
1074 2633 1115 2654 =
1138 2603 1219 2668 Ran.
1251 2623 1279 2664 v.

163 2709 325 2770 1126-28
349 2717 381 2771 et
408 2722 492 2787 1172
516 2727 559 2770 s.:

281 2806 381 2894 Ἑρμῆ
401 2805 522 2891 χθόνιε
544 2801 678 2890 πατρῷ’
703 2802 906 2872 ἐποπτεύων
928 2803 1045 2890 κράτη,

286 2910 398 2997 σωτὴρ
420 2913 522 2995 γενοῦ
545 2931 603 2992 μοι
626 2904 795 2992 σύμμαχός
824 2902 852 2970 τ)
878 2905 1074 2992 αἰτουμένῳ.

285 3005 357 3098 ἧκον
379 3011 441 3098 γὰρ
464 3011 510 3085 εἰς
532 3015 595 3096 γῆν
618 3005 719 3095 τήνδε
741 3009 797 3074 καὶ
819 3009 1028 3092 κατέρχομαι.

284 3111 412 3199 τύμβου
435 3109 466 3178 δ’
479 3107 528 3178 ἐπ’
555 3105 650 3196 όχθῳ
672 3111 760 3196 auide
783 3108 938 3196 κηρύσσω
960 3111 1062 3195 πατρὶ

284 3211 410 3296 κλύειν,
433 3211 583 3281 ἀκούσαι.

242 3319 381 3382 Primum
414 3319 545 3400 quidem
576 3317 609 3379 id
638 3314 797 3380 Oresteae
832 3314 955 3378 initium
989 3313 1175 3394 ambiguum
1207 3333 1279 3376 esse

158 3420 324 3503 Euripides
347 3421 514 3485 contendit
537 3420 586 3483 his
609 3419 716 3482 verbis
739 3439 769 3479 v.
795 3433 974 3497 1141—43:

284 3516 398 3607 πότερ’
425 3512 487 3588 οὖν
509 3519 574 3588 τόν
593 3518 723 3606 Ἑρμῆν,
747 3515 794 3595 ὡς
816 3514 834 3584 ό
852 3516 962 3604 πατὴρ
981 3512 1137 3583 ἀπώλετο

285 3620 393 3690 αὐτοῦ
415 3626 533 3704 βιαίοις
557 3621 593 3686 ἐκ
616 3623 808 3706 γυναικείας
827 3617 925 3702 χερός

273 3724 399 3803 Ιδόλοις
419 3726 606 3809 λαθραίοις,
629 3718 722 3788 ταῦτ’
747 3717 950 3788 ἐποπτεύειν
973 3719 1055 3805 'dom

243 3829 363 3910 Agitur
396 3829 457 3890 iam
497 3829 539 3890 de
570 3824 744 3888 verborum
779 3817 907 3907 πατρῷ’
941 3818 1143 3888 ἐποπτεύων
1173 3817 1280 3906 κράτη

159 3931 429 4011 interpretatione.
476 3928 550 4010 Qua
573 3929 615 3990 de
638 3949 672 3990 re
693 3925 822 3988 uberius
848 3927 996 3987 disseruit
1017 3924 1210 3987 Fritzschius
1237 3924 1279 3985 ad

160 4051 189 4092 v.
216 4033 304 4112 1138.
349 4030 520 4113 Quaeritur
542 4038 659 4104 autem,
682 4038 787 4092 utrum
810 4030 969 4110 πατρῷος
994 4027 1186 4088 adiectivum
1208 4045 1278 4106 per·

159 4133 258 4196 tineat
279 4135 322 4196 ad
344 4134 468 4198 Orestis
491 4140 632 4212 patrem,
663 4132 963 4212 Agamemnonem,
994 4149 1034 4190 an
1061 4129 1103 4190 ad
1129 4127 1279 4190 Mercurii
