3118 5040
592 523 804 586 „13-

138 695 251 738 narum
282 695 379 756 quem
410 695 506 756 supra
537 675 628 738 attuli
659 696 689 742 v.
711 691 789 757 992:
814 670 894 739 τάδε
916 676 977 758 μὲν
1004 672 1150 753 λεύσσεις
1178 682 1259 752 κτλ,

138 777 254 859 quibus
270 798 289 839 a
307 776 413 839 verbis
425 776 584 858 Aeschyli
599 775 820 858 Myrmidones
839 777 962 840 initium
977 780 1100 859 cepisse
1123 788 1257 843 constat.

137 880 262 943 Verum
293 880 389 942 etiam
420 881 541 942 omissa
563 877 613 941 illa
642 879 833 942 scholiastae
862 878 1070 944 adnotatione
1097 881 1258 944 sollemnis

136 979 295 1060 Aeschyli
317 981 459 1062 precatio
481 981 558 1042 satis
581 989 690 1062 potest
712 980 874 1062 explicari,
897 1001 969 1043 cum
992 983 1143 1046 oriundus
1164 983 1258 1046 fuerit

137 1084 323 1165 Aeschylus
355 1105 397 1149 ex
425 1084 588 1148 Eleusinio
622 1105 708 1166 pago
740 1094 773 1148 et
811 1086 880 1167 ipse
918 1085 1057 1150 initiatus
1089 1087 1257 1150 Eleusiniis

136 1188 308 1268 mysteriis

221 1291 306 1352 Tum
328 1287 429 1352 tribus
457 1287 536 1351 locis
564 1285 706 1352 comicus
733 1290 965 1370 deAeschylo
992 1289 1114 1371 profert
1144 1291 1257 1353 iudicia

137 1400 247 1472 aperta
269 1400 302 1454 et
325 1392 418 1454 nuda.
463 1389 609 1473 Quorum
640 1390 780 1472 primum
802 1390 917 1454 Bacchi
945 1391 1052 1454 verbis
1080 1392 1259 1454 continetur

138 1493 187 1554 his
210 1513 240 1554 v.
267 1509 492 1572 1411-1413:

264 1589 386 1677 ἄνδρες
408 1595 510 1674 φίλοι,
533 1587 627 1676 κάγώ
648 1593 709 1675 μὲν
732 1587 857 1668 αὐτοὺς
880 1586 921 1658 οὐ
943 1597 1059 1673 κρινῶ,

265 1690 306 1760 οὐ
329 1694 392 1780 γὰρ
415 1690 457 1759 δι’
482 1693 608 1779 ἔχθρας
630 1688 799 1777 οὐδετέρῳ
820 1691 1011 1780 γενήσομαι.
1071 1755 1073 1760 ,

264 1795 328 1862 τὸν
349 1799 409 1882 μὲν
430 1795 494 1880 γὰρ
516 1793 662 1882 ἡγοῦμαι
682 1792 801 1877 σοφόν,
822 1799 874 1880 τῷ
896 1790 925 1860 d'
950 1787 1080 1880 ἥδομαι.

220 1899 409 1980 Euripidem
439 1899 534 1978 igitur
571 1918 685 1980 sapere
720 1897 864 1960 Bacchus
905 1898 1038 1973 iudicat,
1078 1898 1253 1962 delectatur

134 2000 312 2080 Aeschylo.
357 1998 438 2063 Cum
468 2020 545 2062 vero
575 2000 652 2063 alias
683 2000 823 2062 comicus
851 2019 923 2062 eam
945 1999 1106 2080 Euripidis
1129 2002 1252 2081 sapien·

133 2105 212 2164 tiam
236 2105 367 2165 minime
389 2101 503 2176 laudet,
526 2101 727 2182 Aeschylum
749 2102 856 2182 potius
878 2121 976 2182 quam
993 2100 1181 2183 Euripidem
1203 2102 1253 2164 hic

132 2206 311 2285 praedicari
333 2213 475 2286 apparet

221 2307 297 2368 Non
320 2315 369 2370 est
391 2307 638 2388 praetereundus
660 2306 712 2368 hic
739 2308 781 2368 de
802 2307 959 2387 scriptura
985 2306 1051 2368 eius
1081 2306 1143 2370 loci
1168 2327 1253 2369 scru-

133 2408 238 2489 pulus.
283 2407 466 2472 Secundum
490 2406 667 2488 Seagerum
694 2409 778 2470 enim
805 2407 950 2470 scribitur
972 2429 1001 2470 v.
1028 2424 1102 2485 1411
1133 2398 1254 2490 ἄνδρες

134 2531 196 2593 pro
214 2503 346 2595 ἄνδρες,
368 2520 403 2573 ut
425 2512 466 2574 sit
482 2508 732 2590 intellegendum
750 2507 821 2572 ‘viri
845 2509 934 2591 (mihi
952 2511 1035 2586 sunt)
1056 2509 1127 2583 cari,
1149 2529 1253 2590 neque

138 2618 190 2692 (ea
212 2614 253 2674 de
275 2614 320 2687 rel
345 2633 401 2675 eos
424 2610 571 2675 iudicabo
594 2613 610 2674 i.
635 2633 659 2674 e.
683 2614 771 2693 quod
793 2613 851 2674 viri
878 2612 954 2674 mihi
985 2621 1059 2675 sunt
1089 2613 1164 2686 cari,
1195 2631 1252 2675 eos

133 2735 201 2776 non
222 2714 380 2778 iudicabo.
412 2714 503 2796 Quae
525 2716 690 2790 sententia,
713 2713 815 2795 qualis
837 2735 920 2776 nunc
943 2714 1048 2789 fertur,
1072 2734 1124 2776 me
1147 2714 1252 2777 iudice

133 2817 258 2880 duabus
282 2817 323 2878 de
345 2819 448 2878 causis
471 2817 609 2898 languet.

221 2918 362 2980 Primum
390 2920 488 2993 enim,
518 2939 591 2980 cum
614 2919 749 2983 verbum
772 2919 925 2981 auxiliare
948 2919 1038 2993 desit,
1061 2919 1147 2982 haud
1169 2919 1253 2982 bene

135 3022 262 3083 dativus
281 3015 381 3105 (ἐμοί’
406 3022 570 3083 omittitur.

220 3124 302 3185 Tum
325 3143 402 3185 vero
426 3123 530 3184 verbis
554 3114 672 3206 ἄνδρες
698 3123 854 3202 φίλοι-
876 3123 965 3202 quod
987 3124 1087 3184 modo
1114 3122 1252 3185 vidimus

136 3261 178 3271 -
201 3228 382 3288 continetur
405 3245 514 3305 causa,
545 3246 600 3288 cur
627 3225 772 3288 Bacchus
795 3227 836 3287 de
862 3227 969 3306 poetis
1000 3224 1078 3287 nolit
1106 3226 1251 3288 iudicare.

136 3326 202 3391 Sed
233 3349 271 3390 ea
300 3348 393 3390 causa
423 3326 503 3391 inira
532 3348 661 3408 quoque
690 3349 722 3392 v.
753 3343 832 3404 1412
856 3347 880 3388 S.
902 3327 1009 3389 verbis
1033 3321 1073 3391 οὐ
1096 3325 1158 3410 γὰρ
1179 3331 1251 3392 κτλ.

136 3430 278 3492 affertur.
322 3429 421 3510 Ergo,
444 3430 470 3491 si
493 3422 616 3514 ἅνδρες
638 3429 793 3504 scribitur,
822 3427 920 3492 altera
942 3429 1177 3510 argumentatio
1199 3450 1251 3492 an·

135 3532 253 3595 tecedit
284 3532 390 3595 verbis
421 3526 461 3597 οὔ
492 3537 613 3615 κρινῶ,
644 3531 745 3595 altera
774 3533 935 3612 sequitur,
972 3533 1059 3611 quod
1091 3531 1147 3593 vix
1179 3529 1250 3593 ferri

134 3641 251 3713 potest

220 3733 523 3798 Commendaverim
545 3737 639 3816 igitur
660 3738 850 3818 scripturam
869 3730 991 3817 ἄνδρες
1011 3735 1114 3814 φίλοι,
1136 3733 1251 3813 quibus

134 3837 241 3899 verbis
271 3836 472 3919 appellantur
497 3858 517 3899 a
543 3838 671 3901 Baccho
701 3837 805 3913 inferi,
837 3839 890 3918 qui
925 3839 1042 3900 adsunt
1072 3836 1188 3898 iudicio
1219 3845 1251 3900 et

134 3957 164 3998 v.
189 3940 246 4000 811
269 3939 499 4002 commiserunt
515 3975 557 3986 --
575 3937 763 4024 ἐπέτρεψαν
780 3975 822 3986 -
837 3939 1094 4004 diiudicationem
1112 3937 1250 4000 Baccho

135 4037 234 4121 Quod
257 4042 284 4103 si
306 4040 471 4122 probatur,
495 4041 546 4104 hic
568 4061 678 4104 versus
701 4045 747 4104 sic
769 4041 834 4105 lere
858 4050 908 4106 est
930 4039 1162 4120 explanandus:
1192 4041 1249 4102 viri

133 4143 296 4217 carissimi,
318 4144 506 4225 permisistis
528 4164 658 4207 causam
683 4144 816 4207 arbitrio
839 4164 921 4208 meo
966 4143 1089 4207 Verum
1119 4164 1159 4205 ne
1186 4162 1249 4223 ego
