3118 5040
763 528 908 572 ...2Ἰ

388 687 416 751 εἰ
440 687 475 752 δὲ
498 690 604 750 τοῦτο
627 687 909 765 καταφοβεῖσθον,
931 677 975 765 μή
997 704 1048 756 τις
1070 675 1199 764 ἀμαθία
1220 685 1329 765 προσῇ

507 797 579 862 τοῖς
596 786 821 869 θεωμένοισιν
843 780 889 859 ὡς
911 781 953 847 τὰ

505 886 610 954 λεπτὰ
627 886 671 973 μὴ
690 887 816 972 γνῶναι
838 883 1023 970 λεγόντοιν,

387 992 491 1076 μηδὲν
514 985 698 1074 ὀρρωδεῖτε
721 983 831 1054 τοῦθ’·
855 984 900 1062 ὡς
918 981 980 1052 οὐκ
1003 981 1052 1050 ’ἔθ’
1068 978 1159 1052 οὕτω
1182 981 1274 1050 ταῦτ’
1288 984 1355 1070 ἔχει

505 1091 760 1176 ἐστρατευμένοι
782 1086 844 1175 γάρ
867 1088 929 1153 εἰσι

387 1196 518 1275 βιβλίον
540 1189 567 1258 τ’
580 1191 665 1275 ’ἔχων
683 1189 821 1266 ἕκαστος
842 1187 1008 1276 μανθάνει
1030 1189 1073 1255 τὰ
1095 1187 1195 1270 δεξιά.

389 1297 539 1360 Comicus
573 1296 702 1376 quidem
733 1295 988 1376 ingeniosissime
1016 1295 1141 1374 utrique
1168 1296 1281 1356 rationi
1308 1313 1416 1355 consu·

304 1401 391 1464 lebat
413 1400 457 1462 ob
477 1420 613 1479 eamque
635 1419 704 1460 rem
726 1399 851 1478 accepit
872 1396 1024 1479 palmam.
1067 1396 1117 1459 At
1138 1416 1202 1476 quo
1225 1396 1416 1476 ingeniosius

303 1503 355 1566 ille
377 1523 427 1564 res
450 1501 592 1564 diversas
614 1501 787 1575 coniunxit,
810 1519 849 1562 eo
872 1499 1027 1562 difficilius
1049 1499 1140 1561 nobis
1163 1507 1212 1562 est
1235 1499 1342 1561 denuo
1366 1518 1416 1560 eas

298 1613 470 1667 'secernere
493 1611 525 1666 et
543 1601 773 1683 Aristophanis
795 1603 836 1663 de
858 1601 987 1682 tragicis
1009 1602 1123 1663 iudicia
1145 1602 1186 1662 ad
1205 1609 1307 1662 artem
1331 1619 1416 1680 prae·

305 1716 463 1788 ceptaque
496 1725 655 1768 revocare.
701 1702 747 1765 Cf.
779 1703 940 1765 Welckeri
971 1702 1140 1784 Aristoph.
1171 1703 1250 1763 Ran.
1280 1723 1311 1782 p.
1343 1714 1416 1780 245:

301 1807 370 1870 ‘leh
392 1827 485 1888 wage
504 1827 538 1869 es
561 1804 656 1880 nicht,
680 1806 731 1866 die
753 1804 917 1868 ansichten
940 1806 997 1868 des
1019 1803 1255 1886 Aristophanes
1278 1823 1343 1866 von
1366 1804 1419 1864 der

305 1908 489 1992 tragischen
519 1909 616 1971 kunst
641 1909 673 1969 in
698 1906 807 1970 klaren
833 1915 957 1970 worten
983 1927 1020 1969 zu
1044 1906 1247 1980 entwickeln‚
1278 1925 1334 1968 aus
1366 1907 1428 1967 der.

303 2013 501 2091 verwirrung
525 2012 581 2073 des
604 2009 750 2078 scherzes
772 2030 810 2071 zu
830 2009 1084 2089 systematisiren
1102 2009 1166 2070 und
1190 2027 1247 2068 aus
1270 2009 1345 2070 dem
1368 2027 1421 2087 ge-

304 2113 453 2195 gebenen
475 2111 579 2193 hypot
566 2110 704 2174 thetisch
728 2131 765 2171 zu
786 2117 941 2191 erganzen
964 2131 992 2174 u.
1017 2130 1040 2174 s.
1063 2131 1100 2172 w.

390 2213 549 2276 Attamen
572 2213 727 2294 philologi
751 2221 935 2294 temporum
957 2216 1170 2276 recentiorum
1194 2233 1265 2276 eam
1290 2212 1419 2274 difficul-

305 2324 407 2378 tatem
434 2317 564 2378 minime
591 2316 818 2378 extimuerunt.
854 2314 1004 2396 permulti
1036 2316 1076 2376 de
1107 2317 1220 2377 eadem
1251 2337 1285 2378 re
1314 2317 1420 2394 scripti

306 2428 379 2481 sunt
401 2418 508 2493 libelli,
531 2439 667 2498 quorum
690 2439 732 2478 ex
755 2437 889 2478 numero
911 2418 1042 2479 nomino
1059 2417 1189 2498 Joannis
1206 2418 1337 2480 Petersii
1360 2418 1420 2479 dis-

307 2523 533 2594 sertationem,
573 2539 654 2599 quae
693 2519 889 2581 inscribitur:
926 2518 1153 2600 Aristophanis
1193 2520 1341 2582 iudicium
1383 2518 1422 2580 de

307 2621 440 2682 summis
464 2640 540 2683 suae
559 2622 672 2682 aetatis
694 2622 832 2700 tragicis,
858 2621 1043 2684 Monasterii
1070 2622 1158 2700 1858.
1182 2623 1210 2684 8.
1233 2642 1286 2702 pp.
1310 2635 1359 2701 77.

394 2722 457 2810 Qui
480 2731 590 2784 tamen
617 2722 687 2784 libri
710 2742 822 2786 omnes
852 2723 916 2784 iere
939 2732 1076 2785 tractant
1098 2726 1268 2804 praecipue
1299 2725 1341 2784 de
1363 2722 1423 2784 Eu·

300 2827 417 2910 ripidis
437 2829 527 2908 poesi
546 2828 694 2888 iudicium
712 2826 953 2908 Aristophanis,
986 2826 1117 2890 Nullum
1136 2827 1261 2908 repperi
1275 2825 1423 2898 libellum,

309 2931 363 3009 ³qui
386 2929 590 3008 potissimum
614 2949 686 2990 eum
709 2928 815 2990 locum
833 2937 993 3003 tractaret,
1016 2947 1173 3008 quaenam
1192 2927 1424 3008 Aristophanes
1530 2911 1531 2978 l

310 3032 351 3092 de
378 3029 534 3110 Aeschyli
560 3031 651 3111 poesi
681 3029 809 3092 fecisset
837 3031 959 3095 iudicia.
1004 3029 1132 3111 Operae
1160 3039 1266 3092 autem
1290 3029 1425 3110 pretium
1530 3039 1531 3058 ¹

310 3142 360 3196 est
383 3135 424 3195 de
440 3130 607 3213 Aeschylo
632 3152 761 3212 quoque
780 3132 891 3194 iudicia
914 3152 1107 3212 componere
1124 3140 1156 3198 et
1179 3133 1363 3194 examinare
1384 3131 1427 3191 ita
1530 3179 1531 3214 ,

312 3235 451 3314 quidem,
467 3242 500 3296 ut
515 3234 685 3315 Euripides
701 3254 766 3294 non
782 3237 884 3314 magis
906 3234 1090 3314 respiciatur
1108 3254 1204 3313 quam
1223 3243 1270 3294 est
1289 3251 1428 3295 necesse.

401 3335 498 3416 Quod
521 3357 592 3397 cum
616 3337 680 3404 iam
703 3355 765 3416 ego
795 3336 855 3397 sim
878 3345 1100 3416 suscepturus,
1129 3356 1193 3397 non
1219 3335 1335 3416 ignoro
1363 3337 1429 3396 eius
1530 3387 1531 3404 2

314 3441 358 3500 rei
382 3437 618 3512 difficultatem,
648 3438 707 3500 sed
729 3447 838 3500 tamen
866 3441 972 3500 animo
1000 3436 1072 3500 forti
1100 3439 1270 3520 aggrediar
1297 3457 1374 3508 rem,
1396 3444 1430 3497 ut

315 3539 481 3621 quomodo
505 3540 669 3620 aptissime
692 3538 922 3621 Aristophanis
951 3541 992 3601 de
1015 3538 1182 3619 Aeschylo
1208 3539 1321 3601 iudicia
1343 3557 1429 3600 com-

314 3643 390 3724 poni
416 3643 541 3722 possint
565 3641 737 3716 inveniam,
764 3644 851 3721 quod
879 3641 998 3703 bonum
1027 3641 1104 3704 felix
1130 3640 1268 3702 faustum
1292 3640 1430 3702 fortuna·

316 3755 450 3823 tumque
473 3743 521 3806 sit.

403 3846 456 3908 Ac
478 3848 617 3926 primum
636 3847 774 3926 quidem,
798 3867 861 3926 quo
885 3847 988 3926 magis
1007 3867 1052 3920 ea,
1075 3866 1157 3925 quae
1176 3844 1252 3907 mihi
1266 3844 1432 3926 proposita

318 3958 406 4020 sunt,
441 3948 646 4024 illustrentur,
675 3949 895 4029 quaestionem
921 3949 1091 4023 instituam,
1115 3949 1280 4028 quomodo
1303 3946 1432 4008 omnino

320 4051 557 4131 Aristophanes
573 4071 719 4114 summos
738 4053 852 4113 aetatis
868 4071 943 4113 suae
961 4052 1146 4113 iudicaverit
1164 4050 1312 4129 tragicos,
1337 4048 1433 4129 Quod

320 4163 429 4216 autem
465 4147 581 4215 attinet
609 4154 651 4217 ad
682 4153 910 4234 Aristophanis
942 4155 982 4215 de
1009 4152 1167 4233 Aeschyli
1193 4153 1283 4233 poesi
1315 4151 1435 4222 iudicia,
