3118 5040
619 543 808 608 ..5-

153 719 249 780 quam
277 696 524 764 Atheniensium
556 699 764 781 disciplinam.
813 698 861 760 At
888 699 914 760 si
946 719 979 760 re
1006 720 1081 762 vera
1103 698 1274 779 Euripides

152 800 262 864 suisset
284 802 412 882 sapiens
435 801 489 863 ille
507 802 560 880 qui
579 799 685 876 fertur,
703 803 853 880 antiquae
868 800 1053 882 disciplinae
1069 801 1273 883 pepercisset,

153 923 224 965 cum
246 923 366 965 novam
389 903 583 965 substituere
604 904 758 982 nequiret.

236 1003 319 1066 Item
356 1003 572 1084 Hartungius,
604 1006 656 1083 qui
684 1003 911 1085 Aristophanis
946 1024 1184 1084 nonnumquam
1216 1006 1274 1067 im·

153 1107 273 1187 pendio
307 1105 504 1169 defendebat
534 1105 740 1188 Euripidem,
782 1106 863 1168 inter
898 1106 959 1168 alia
984 1141 1025 1152 -
1053 1106 1090 1168 cf.
1112 1105 1272 1187 Euripidis

151 1209 287 1270 restituti
314 1210 394 1271 tomi
427 1225 451 1269 1.
475 1228 504 1288 p.
529 1209 591 1288 326
612 1208 701 1270 initio
724 1243 766 1254 -
793 1207 1047 1290 Aristophanem
1074 1207 1273 1289 sapientibus

150 1308 330 1391 Euripideis
353 1311 385 1371 in
408 1310 573 1372 mendicos
596 1309 726 1372 mutatis
750 1309 1061 1374 efficeretstuduisse
1083 1318 1204 1384 censet,
1232 1329 1273 1371 ne

152 1432 213 1492 qua
247 1432 383 1492 usquam
414 1411 537 1474 virtutis
568 1412 803 1493 probitatisque
833 1413 956 1494 species
983 1414 1015 1474 in
1042 1410 1124 1474 illius
1147 1413 1271 1492 scriptis

149 1512 251 1575 inesse
274 1513 444 1578 videretur.

237 1613 362 1678 Verum
386 1615 563 1679 rectissime
584 1615 735 1678 iudicavit
757 1614 1006 1696 AristophaneS,
1034 1616 1088 1696 qui
1111 1618 1272 1696 sapientes

151 1715 220 1779 illos
247 1716 408 1799 Euripidis
432 1737 607 1797 eorumque
635 1717 815 1780 doctrinam
844 1717 952 1780 irridet
986 1716 1202 1798 sophisticam,
1233 1716 1272 1779 cf.

152 1818 229 1881 Ran.
259 1834 326 1880 101.
353 1834 442 1899 1471.
468 1832 556 1899 1475.
585 1819 716 1881 Thesm.
740 1832 810 1899 275.
858 1819 964 1901 Quam
993 1822 1136 1882 maxime
1163 1828 1275 1887 autem

153 1923 266 1998 miror,
300 1923 326 1983 si
349 1921 534 2002 Hartungio
557 1922 729 2003 probatur,
761 1923 848 2002 quod
879 1922 1046 2004 Euripides
1079 1923 1270 1984 multitudini

152 2023 213 2084 iam
243 2043 302 2105 per
335 2043 370 2086 se
401 2032 569 2105 corruptae
601 2026 632 2086 in
659 2024 769 2087 Aeolo
802 2023 959 2087 famosam
991 2025 1078 2088 illam
1109 2026 1274 2106 praecepit

153 2125 342 2187 sententiam
365 2125 478 2206 fragm.
505 2143 551 2206 19.
574 2146 624 2206 ap.
646 2126 756 2189 Dind:

278 2227 311 2290 τί
334 2221 514 2309 δἀἰσχρόν,
536 2221 578 2312 ἢν
599 2225 642 2313 μὴ
666 2238 755 2292 τοῖσι
774 2228 958 2312 χρωμένοις
980 2227 1083 2310 δοκῇ;

153 2336 182 2390 et
203 2327 374 2410 Hippolyti
396 2327 537 2390 illud-
559 2350 589 2391 v.
614 2336 684 2392 612.
707 2354 765 2390 -ι

277 2424 438 2514 ἡγλῶττ’
464 2425 620 2514 ὀμώμοχ’,
644 2427 664 2513 ἡ
687 2430 724 2495 δὲ
746 2429 834 2516 φρὴν
858 2425 1046 2514 ἀνώμοτος.

151 2529 195 2594 Ci
217 2533 294 2595 Plat.
311 2532 479 2596 Theaetet.
506 2547 565 2612 154
583 2533 625 2594 D.
649 2531 803 2615 Sympos.
831 2551 891 2614 199
909 2535 950 2596 A.
969 2531 1088 2595 Athen.
1110 2547 1136 2610 3,
1159 2546 1216 2592 122
1235 2529 1272 2592 B.

151 2632 214 2698 Cic.
237 2634 299 2698 Off.
324 2652 351 2715 3,
374 2651 425 2716 29,
452 2638 519 2701 108.

238 2735 363 2818 Quibus
405 2737 436 2798 in
475 2737 642 2799 sententiis
680 2756 822 2800 conexus
862 2736 947 2798 haud
992 2736 1069 2798 satis
1104 2733 1274 2798 excusabit

152 2839 348 2921 Euripidem,
371 2859 443 2901 raro
462 2841 555 2914 enim,
578 2840 632 2919 qui
648 2841 713 2902 eius
737 2839 825 2901 modi
843 2841 982 2901 abutitur
1004 2838 1178 2917 sententiis
1202 2857 1271 2898 sen·
1344 2885 1346 2889 .

152 2943 320 3004 tentiarum
339 2941 466 3021 respicit
484 2961 653 3004 conexum.
690 2940 788 3024 Quod
807 2942 851 3002 ita
873 2961 944 3003 esse
962 2939 1013 3003 vel
1031 2940 1106 3002 inde
1128 2947 1274 3020 apparet,

151 3042 236 3122 quod
260 3062 370 3104 earum
392 3045 620 3106 sententiarum
643 3042 744 3106 altera
766 3051 956 3105 conservata
980 3051 1030 3105 est
1053 3041 1271 3122 fragmentum

151 3164 275 3206 conexu
300 3164 420 3206 carens.
463 3146 499 3206 Id
518 3154 627 3208 autem
645 3144 860 3226 Hartungium
879 3146 1009 3207 minime
1027 3144 1169 3225 impedit,
1192 3161 1270 3221 quo·

152 3247 266 3320 minuS,
292 3247 471 3327 quicunque
498 3268 571 3310 cum
593 3246 813 3328 Aristophane
840 3245 908 3308 illas
931 3267 995 3308 non
1019 3246 1159 3326 probant
1180 3243 1273 3306 Euri-

150 3347 231 3427 pidis
264 3347 452 3423 sententias,
484 3348 622 3431 appellet
656 3349 804 3411 homines
832 3349 989 3410 vecordes
1016 3383 1058 3393 -
1088 3345 1127 3410 cf.
1156 3345 1174 3408 l.
1199 3346 1217 3407 l.
1245 3363 1272 3420 1,

150 3469 180 3528 p.
201 3450 264 3524 408
288 3469 311 3513 s.
333 3485 376 3494 —-
402 3451 596 3525 ineruditOS‚
627 3450 880 3532 superstitiosos,
913 3449 997 3512 feros
1029 3485 1068 3493 -
1092 3447 1129 3510 cf.
1158 3447 1176 3508 l.
1200 3446 1218 3507 l.
1245 3463 1268 3522 1,

149 3571 179 3631 p.
198 3564 256 3630 325
277 3573 302 3614 s.
320 3552 590 3616 -alienissimos
610 3554 652 3615 ab
671 3552 723 3616 illa
740 3551 901 3632 Euripidis
920 3552 1074 3633 sapientia
1093 3549 1268 3611 christianis

149 3653 457 3728 convenientissima,
479 3651 556 3735 ‘qua
578 3675 735 3736 personae
753 3655 945 3736 Euripideae
973 3652 1038 3716 sere
1065 3651 1184 3731 ubique
1214 3649 1272 3712 ab·

150 3763 278 3818 utantur
295 3756 337 3817 ad
355 3756 482 3819 insidias
499 3766 531 3820 et
548 3760 589 3820 ad
609 3759 821 3838 cognatorum
844 3758 1023 3836 civiumque
1045 3747 1267 3817 incommoda³

233 3857 415 3940 Euripidem
438 3859 570 3940 quidem
580 3859 816 3941 Aristophanes
835 3861 866 3921 in
885 3859 1033 3922 omnibus
1053 3857 1118 3920 sere
1142 3875 1273 3919 comoe-

148 3957 208 4020 diis
229 3959 301 4040 plus
328 3961 474 4024 minusve
499 3959 620 4024 facetiis
644 3962 831 4043 perstrinxit
855 3960 1076 4024 acerbissimis
1111 3955 1268 4036 Aeschyli

147 4080 226 4122 vero
242 4063 387 4144 exceptis
406 4063 506 4127 Ranis
530 4063 688 4126 rarissime
710 4066 795 4146 apud
813 4060 1066 4144 Aristophanem
1084 4061 1121 4123 fit
1139 4061 1272 4135 menti0,

147 4171 180 4225 et
191 4163 246 4226 ubi
261 4163 297 4226 fit
314 4167 355 4226 ad
370 4166 632 4246 cognoscendum
641 4165 868 4247 Aristophanis
883 4165 1033 4227 iudicium
1048 4164 1089 4227 de
1101 4160 1270 4241 Aeschylo
