3118 5040
716 468 771 498 -...
808 450 851 524 4⁶
894 485 936 496 „

270 618 391 698 Neque¹
407 619 490 681 enim
513 619 674 699 pecuniae,
698 636 780 697 quae
802 620 969 699 capiuntur
991 639 1034 682 ex
1055 617 1200 695 navibuS,
1222 637 1394 698 opponun-

270 727 321 782 tur
343 720 411 782 aliis
434 721 585 801 pecuniis
608 721 666 782 sed
689 739 768 800 opes
800 721 844 781 rei
874 719 1024 801 publicae
1043 719 1239 802 privatorum
1267 719 1392 799 opibus,

271 840 351 902 quas
381 841 643 902 unumquemque
674 822 796 902 patriae
828 822 942 884 deceat
973 822 1144 884 devovere.-
1204 821 1317 901 ltaque
1346 821 1392 882 sic

270 931 376 986 verto:
399 943 479 1004 opes
502 943 573 985 esse
595 943 701 995 naves,
722 923 862 1004 inopiam
885 933 993 986 autem
1017 942 1106 1003 opes,

357 1025 505 1104 Denique
545 1024 711 1105 quomodo
751 1024 933 1086 educaverit
970 1022 1155 1104 Aeschylus
1192 1022 1276 1085 cives
1316 1042 1394 1089 suos

271 1127 434 1189 Ranarum
447 1126 527 1188 ¹locis
544 1128 783 1187 demonstratur
799 1135 884 1192 octo.
908 1125 1055 1207 Quorum
1071 1123 1197 1186 duobus
1207 1122 1392 1205 Aeschylus

271 1227 521 1311 reprehenditur.
556 1227 606 1289 Ac
628 1229 734 1308 priore
756 1229 888 1308 quidem
910 1227 984 1290 loco
1001 1228 1169 1308 Euripides
1191 1227 1272 1290 haec
1293 1227 1394 1308 loqui-

271 1339 324 1393 tur
338 1350 374 1432 xv.
395 1331 579 1409 964-967:
665 1331 667 1336 ·

401 1460 523 1542 γνώσει
546 1465 582 1530 δε
605 1462 686 1541 τοῦς
707 1461 836 1530 τοῦτου
854 1489 891 1530 τε
909 1460 1037 1549 κάμοῦς
1055 1462 1214 1549 ἑκατέρου
1228 1459 1391 1548 μαθητάς·

401 1567 603 1650 τουτουμενὶ
628 1567 809 1650 Φορμίσιος
831 1562 1037 1650 Μεγαίνετός
1058 1561 1093 1632 θ’
1109 1562 1266 1652 ὁΜανῆς,

404 1664 827 1752 σαλπιγγολογχυπηνάδαι,
849 1666 1282 1753 σαρκασμοπιτυοκάμπται.

360 1802 477 1866 Altero
504 1812 612 1867 autem
639 1803 711 1866 loco
735 1804 888 1879 Bacchus,
914 1813 1087 1886 postquam
1117 1804 1283 1886 quomodo
1304 1801 1395 1863 Euri·

274 1906 366 1986 pides
399 1905 582 1967 educaverit
611 1904 829 1969 Athenienses
860 1909 1034 1979 enarravit,
1066 1907 1108 1969 de
1130 1904 1283 1985 Aeschyii
1314 1913 1396 1967 tem·

274 2005 407 2088 poribus
430 2006 510 2069 haec
533 2017 641 2069 censet
663 2029 693 2072 v.
714 2011 900 2089 989-991:

578 2142 664 2218 τέοος
687 2137 717 2206 δ’
731 2136 1007 2227 ἀβελτερώτατοι,

585 2240 764 2328 κεχηνότες
786 2240 1014 2335 μαμμάκυθοι,

632 2346 819 2429 μελιττίδαι
840 2350 1007 2429 καθῆντο.

361 2479 558 2543 Phormisius
589 2483 719 2562 quidem
751 2482 836 2544 idem
869 2490 935 2555 est,
973 2483 1060 2544 cuius
1091 2457 1212 2544 mentio
1244 2481 1280 2543 fit
1312 2483 1398 2562 apud

276 2579 484 2660 Athenaeum
510 2599 535 2646 1.
559 2604 589 2664 p.
614 2596 669 2662 501
697 2585 746 2645 ed.
772 2584 868 2648 Dind.
892 2585 976 2664 (229)
1005 2582 1067 2646 hoc
1097 2585 1215 2646 modo:
1247 2578 1395 2647 Πλάτων
1489 2667 1492 2674 .

276 2679 311 2746 d'
324 2684 361 2748 ἐν
382 2684 556 2766 Πρέσβεσιι

407 2819 593 2899 κατέλαβον
613 2815 809 2906 Ἐπικράτης
831 2844 868 2886 τε
890 2822 946 2887 καὶ
971 2821 1151 2906 Φορμίσιος

406 2920 497 3004 παρὰ
519 2925 583 2986 τοῦ
604 2923 766 3000 βασιλέως
786 2927 926 2988 πλεῖστα
949 2920 1226 3010 δωροδοκήματα,

406 3017 559 3103 ὀξύβαφα
578 3028 683 3107 χρυσᾶ
701 3025 757 3088 καὶ
779 3027 999 3100 πινακίσκους
1022 3020 1197 3110 ἀργυροῦς.

369 3141 496 3204 Deinde
528 3144 568 3205 de
600 3145 717 3206 eodem
743 3146 774 3206 in
800 3144 949 3226 Dionysii
971 3143 1259 3208 Halicarnassensis
1281 3143 1405 3207 Iudicio
1461 3137 1462 3140 '

278 3246 320 3305 de
343 3241 442 3323 Lysia
463 3263 489 3305 c.
513 3259 552 3322 32
575 3242 656 3307 haec
678 3255 856 3308 narrantur:
883 3241 1065 3329 Φορμίσιός
1084 3269 1135 3322 τις
1162 3249 1234 3311 τοῦν
1262 3262 1404 3331 συγκατ-

276 3340 457 3409 ελθόντων
479 3344 564 3428 μετὰ
588 3350 651 3410 τοῦ
680 3343 788 3432 δήμου
818 3348 958 3428 (triginta
979 3349 1122 3428 tyrannis
1145 3347 1297 3429 expulsis)
1319 3344 1404 3434 γνώ-

279 3466 347 3529 μην
371 3441 567 3530 εἰσηγήσατο
591 3447 672 3524 τοῦς
694 3444 882 3532 φεύγοντας
904 3450 1063 3513 κατιέναι.

367 3548 452 3609 Tum
486 3546 811 3630 Schweighaeuserus
842 3553 883 3613 ad
915 3551 1000 3613 hunc
1030 3551 1244 3614 Phormisium
1281 3553 1404 3615 rettulit

282 3648 450 3711 Philetaeri
491 3672 509 3713 e
549 3655 716 3714 comoedia
747 3653 893 3736 Κυνηγὶς
932 3652 1037 3715 locum
1078 3655 1164 3734 apud
1195 3654 1402 3717 Athenaeum

283 3768 331 3830 υ,
356 3765 418 3830 570
440 3771 464 3812 s·

408 3873 540 3937 Παῦσαι
561 3873 670 3957 γε’ρονν
692 3867 742 3936 οῦν
765 3870 845 3947 τοῦς
867 3869 1025 3958 τρόπους.
1049 3867 1112 3938 οῦκ
1135 3869 1223 3940 οἷσθ’
1249 3865 1303 3939 ὅτι

409 3964 548 4058 ἥδιστόν
571 3971 662 4037 ἐστιν
680 3969 870 4040 ἀποθανεῖν
892 3970 1050 4054 βινοῦνθ’
1077 3966 1161 4058 άμα;

337 4095 340 4102 ·
410 4066 522 4157 ὥσπερ
545 4075 699 4156 λέγουσιν
722 4070 913 4141 ἀποθανεῖν
938 4076 1131 4160 Φορμίσιον.
