3118 5040
716 487 926 563 ‚36-

254 651 395 717 ¹verbum
420 664 602 717 extremum
626 653 756 736 πέμπει.
783 654 891 732 1289),
919 673 1054 732 quorum
1085 673 1229 716 conexus
1256 654 1309 715 hic
1337 662 1389 715 est

250 757 325 840 Ag.
353 771 412 832 104
434 777 490 820 ss:

286 903 288 907 -
389 853 506 940 κύριός
528 855 592 940 εἰμι
615 861 736 940 θροεῖν
758 848 859 920 ὅδιον
877 851 1003 938 κράτος
1025 854 1137 920 αἶσιον
1157 851 1296 939 ἀνδρῶν

386 958 565 1042 a'vcsls‘oiv·¹
582 954 631 1022 ἐ’τι
653 956 715 1041 γὰρ
738 953 870 1023 θεόθεν
893 958 1085 1021 καταπνεύει
1321 974 1381 1039 105

387 1057 500 1124 πειθοδ
521 1063 654 1143 μολπᾶν
677 1059 732 1138 (M.
756 1079 775 1120 a
797 1078 844 1139 pr.
867 1078 907 1124 m.
929 1057 1040 1146 Dind.)

315 1185 317 1189 ·
389 1156 474 1249 ἀλκᾷ
497 1157 668 1245 σύμφυτος
690 1154 783 1224 αῖούν·

390 1252 484 1338 ὅπως
504 1257 644 1343 Ἀχαιῶν
668 1261 836 1345 δίθρονον
853 1257 987 1342 κράτος,
1007 1257 1163 1336 Ἑλλάδος
1185 1253 1267 1345 ἥβας

390 1361 564 1448 ξύμφρονα
587 1360 703 1446 τάγαν,
726 1363 832 1435 (codd.
856 1360 893 1424 G.
917 1363 1039 1441 Herm.)
1323 1381 1386 1426 110

388 1464 509 1548 πέμπει
533 1462 596 1529 σύν
619 1464 694 1546 δορὶ
717 1463 771 1527 καὶ
792 1464 863 1545 χερὶ
885 1459 1052 1546 πράκτορι

346 1668 398 1729 De
422 1687 534 1730 eorum
556 1686 707 1728 versuum
730 1667 902 1746 scriptura,
934 1685 1017 1745 quae
1038 1665 1169 1727 minime
1192 1674 1321 1728 constat
1346 1704 1387 1713 —

260 1768 355 1831 veluti
380 1768 567 1831 Dindorfius
590 1789 619 1831 v.
646 1783 701 1829 111
727 1775 861 1848 propter
882 1786 1035 1828 numeros
1064 1775 1175 1829 contra
1202 1767 1287 1830 hunc
1310 1768 1388 1830 Ari-

260 1868 429 1951 stophanis
460 1868 565 1930 locum
602 1867 712 1930 scribit
742 1863 904 1950 πράκτωρ
936 1903 985 1941 -,
1016 1865 1066 1928 hic
1102 1868 1202 1930 multa
1225 1870 1389 1933 disserere

263 1971 396 2051 longum
420 1978 478 2032 est.

347 2073 399 2134 De
422 2080 570 2133 extremo
589 2068 691 2132 verbo
713 2069 877 2131 Ranarum
899 2088 1009 2130 versus
1035 2071 1114 2149 1287
1138 2071 1290 2133 differunt
1313 2093 1388 2136 sen-

261 2174 399 2236 tentiae:
430 2173 577 2256 Σφίγγα,
609 2170 809 2254 δυςαμεριάν
834 2166 1002 2254 πρύτανιν
1027 2165 1126 2249 κύνα,
1152 2173 1283 2255 πέμπει.
1331 2174 1388 2236 Ae

264 2276 404 2356 primum
427 2275 557 2354 quidem
581 2271 751 2335 scholiasta
774 2272 863 2332 adv.
887 2271 965 2350 1287
986 2272 1082 2352 (1319
1099 2272 1206 2352 Dind.)
1230 2273 1307 2335 nihil
1326 2277 1388 2336 nisi

261 2376 340 2437 haec
363 2377 511 2438 adnotat:
535 2374 667 2456 Σφίγγα
690 2372 726 2436 δὲ
750 2371 958 2454 δυςαμερίαν,
984 2368 1047 2457 τὴν
1069 2372 1123 2438 ἐπὶ
1150 2374 1247 2457 κακῷ
1268 2370 1389 2460 χρόνῳ

264 2478 423 2561 θηβαίοις
445 2489 619 2557 φανεῖσαν,
645 2469 798 2556 πάροχον
815 2470 978 2537 θανάτου.
996 2476 1104 2536 ταῦτα
1123 2472 1160 2538 δὲ
1176 2473 1213 2538 ἐκ
1232 2475 1389 2560 Σφιγγὸς

261 2575 442 2660 Αἰσχύλου.
465 2573 609 2660 θούριος
631 2574 667 2639 δὲ
690 2568 783 2658 δρνις
805 2573 897 2648 (Ran.
925 2573 1026 2652 1289),
1056 2569 1076 2658 ἡ
1099 2578 1294 2658 πολεμοῦσα
1321 2581 1387 2663 θη-

260 2681 369 2759 βαλοις
395 2674 485 2762 τύχη.
507 2675 548 2741 τδ
577 2676 613 2740 δὲ
635 2673 696 2754 ξύν
721 2674 795 2758 δορὶ
817 2675 873 2738 καὶ
893 2675 977 2757 χειρὶ
998 2670 1166 2759 πράκτορι
1189 2679 1229 2755 (v.
1259 2681 1343 2760 1289
1363 2701 1389 2746 s,

268 2781 368 2860 1321),
390 2779 425 2857 ἐξ
443 2773 694 2861 Ἀγαμέμνονος,
725 2776 762 2842 ἐκ
784 2775 844 2859 τῆς
874 2776 1048 2848 ουνεπελας
1073 2779 1137 2840 τοῦ
1160 2773 1296 2860 <κύριός
1319 2780 1388 2865 εἰμι

261 2890 383 2962 θροεῖν
405 2873 485 2943 κτλ.’
523 2878 634 2958 ltaque
657 2899 700 2939 ex
722 2876 847 2938 silentio
866 2875 1059 2938 scholiastae
1081 2885 1215 2951 tantum,
1241 2882 1294 2960 qui
1314 2903 1388 2945 ver-

262 2984 340 3045 bum
360 2975 502 3065 “πε’μπει’
536 2988 591 3040 aut
621 2981 704 3041 inter
727 2971 856 3041 ‘tanta'
887 2978 1131 3057 comprehendit
1163 2989 1218 3042 aut
1249 2986 1389 3046 omnino

261 3084 377 3158 omisit,
392 3084 478 3144 idem
498 3101 541 3143 ex
556 3079 702 3162 Sphinge
717 3097 866 3139 manasse
883 3078 1028 3139 concludi
1046 3082 1165 3158 petest.
1203 3082 1388 3148 Brunckius

261 3186 391 3265 quidem
410 3185 452 3244 ad
471 3183 499 3247 h.
519 3182 537 3243 l.
556 3192 588 3244 et
605 3177 800 3253 Dindorfius,
822 3176 861 3241 cf.
878 3177 997 3242 Aesch.
1020 3178 1132 3258 fragm.
1153 3195 1224 3260 234,
1243 3186 1385 3249 verbum

261 3287 383 3370 πέμπει
405 3283 583 3345 tribuerunt
605 3279 761 3361 Aeschyli
789 3278 933 3360 Sphingi.
980 3277 1100 3341 Contra
1126 3281 1154 3341 F
1155 3283 1323 3348 ritzschius
1353 3299 1389 3350 et

262 3386 409 3448 Kockius
439 3386 480 3446 ad
503 3383 533 3447 h.
562 3382 694 3462 l(Ran.
716 3402 745 3442 v.
773 3382 862 3460 1287)
890 3381 921 3440 id
951 3380 1086 3442 verbum
1117 3402 1189 3443 cum
1217 3385 1388 3451 Ranarum

262 3507 356 3550 versu
391 3488 472 3565 1289
502 3505 545 3545 ex
574 3481 732 3563 Aeschyli
765 3480 1015 3560 Agamemnone
1046 3481 1278 3565 depromptum
1313 3509 1389 3553 esse

263 3597 403 3651 censent.
452 3584 558 3667 Quam
589 3584 721 3645 alteram
753 3581 917 3644 Fritzschii
948 3583 1139 3644 sententiam
1172 3604 1235 3665 ego
1266 3591 1388 3668 probo.

263 3692 453 3770 lgnoramus
484 3686 577 3761 enim,
603 3693 709 3746 utrum
739 3684 770 3743 in
802 3681 946 3763 Sphinge
979 3692 1055 3762 post
1081 3683 1182 3746 verba
1212 3685 1389 3769 πρύτανιν

263 3788 351 3855 κύνα
372 3791 527 3870 scriptum
550 3785 642 3848 fuerit
660 3777 801 3867 ‘nipast'
833 3803 942 3860 necne,
964 3784 1050 3843 idem
1073 3784 1209 3847 verbum
1238 3790 1269 3850 in
1292 3791 1389 3873 Aga-

265 3911 437 3954 memnone
468 3889 658 3951 antecedere
689 3885 793 3947 verbis
824 3879 900 3947 <σύν
930 3877 1016 3965 δορί)
1055 3885 1237 3950 etiamnunc
1283 3893 1389 3958 oculis

264 3995 381 4055 nostris
407 3992 562 4052 videmus,
607 3985 704 4049 Certa
734 3993 840 4046 autem
873 4003 922 4045 res
953 3984 1019 4045 sine
1046 3985 1144 4047 dubio
1171 3989 1390 4068 praeferenda

265 4104 314 4157 est
337 4097 484 4155 incertae.
646 4097 648 4102 '
