3118 5040
606 515 814 580 -,,-

609 662 803 755 Εὐριπίδης.

741 762 797 836 δτι
819 763 927 835 αὐτὸν
949 768 1119 853 ἐξελέγχω.

277 862 406 934 κᾶπειτ’
432 868 548 951 ἐπειδὴ
570 873 679 936 ταῦτα
701 869 852 958 ληρήσειε
874 872 930 936 καὶ
952 869 994 937 τὸ
1018 871 1127 956 δρᾶμα

276 965 339 1057 ἤδη
360 973 487 1058 μεσοίη,
510 968 625 1058 ῥήματ’
651 969 695 1040 άν
715 971 811 1055 βόεια
833 969 950 1040 δώδεκ’
975 968 1069 1040 εἶπεν
1091 978 1163 1041 κτλ.

186 1107 189 1115 =
236 1077 321 1137 Cum
344 1072 404 1136 hac
427 1074 656 1157 Aristophanis
683 1079 724 1140 de
750 1076 904 1158 Aeschyli
936 1075 1114 1139 fabularum
1137 1097 1271 1158 compo-

143 1175 264 1238 sitione
285 1176 451 1254 sententia,
474 1185 509 1238 ut
532 1178 711 1259 comparari
733 1179 872 1260 possint,
895 1179 977 1240 duos
999 1177 1096 1241 Vitae
1118 1177 1271 1259 Aeschyli

143 1277 237 1339 locos
260 1312 302 1322 -
324 1275 362 1339 cf.
393 1277 490 1340 Dind.
523 1293 607 1359 poet
639 1299 743 1343 scaen.
773 1301 803 1361 p.
835 1296 853 1341 2
881 1300 911 1341 v.
940 1295 1061 1358 21—31
1089 1287 1122 1342 et
1143 1300 1174 1361 p.
1197 1304 1214 1359 3
1239 1301 1268 1344 v.

143 1379 271 1458 78—87
296 1399 540 1461 -compono,
570 1379 622 1441 ubi
651 1382 693 1442 de
721 1382 835 1442 eadem
864 1399 898 1442 re
923 1381 1048 1461 optime
1074 1382 1273 1443 disseruntur

142 1479 239 1544 haec:
263 1477 300 1544 αί
326 1504 364 1545 τε
393 1480 562 1557 διαθέσεις
587 1485 659 1547 τῶν
682 1477 863 1566 δραμάτων
887 1475 927 1546 οὐ
945 1479 1073 1556 πολλάς
1096 1487 1190 1564 αυτῷ
1213 1505 1269 1546 πε-

144 1583 313 1665 ριπετείας
342 1573 398 1648 καί
430 1581 559 1658 πλοκὰς
588 1581 737 1666 ἔχουσιν,
774 1580 821 1658 οδς
850 1580 942 1666 παρὰ
973 1594 1045 1657 τοῖς
1078 1585 1266 1666 νεωτέροις·

141 1682 251 1768 μόνον
273 1682 345 1768 tyto
377 1689 470 1770 ζηλοῖ
487 1684 541 1751 ’τὸ
573 1681 677 1770 βάρος
709 1685 921 1770 περιτιθέναι
955 1695 1029 1760 τοῖς
1064 1680 1272 1768 προσώποις,

143 1780 288 1869 ἀρχαῖον
324 1780 409 1850 εἶναι
440 1789 569 1869 κρίνων
599 1786 705 1852 τοῦτο
736 1785 777 1851 τὸ
808 1787 922 1870 μέρος,
952 1783 1201 1869 μεγαλοπρεπές
1231 1808 1267 1851 τε

142 1888 200 1952 καὶ
223 1885 389 1972 ἡρωικὸν,
421 1887 462 1954 τὸ
487 1889 522 1954 δέ
544 1892 756 1972 πανοῦργον,
787 1889 1025 1972 κομψοπρεπές
1047 1911 1084 1952 τε
1106 1883 1162 1952 καί
1184 1909 1269 1971 γνω·

140 1988 328 2072 μολογικδν
350 1985 534 2073 άλλότριον
555 1995 616 2076 τῆς
637 1990 825 2074 τραγῳδίας
853 1985 1049 2075 ἡγούμενος,
1095 1981 1183 2054 ὥστε
1213 1988 1271 2055 διὰ

141 2089 184 2155 τὸ
206 2089 407 2174 πλεονάζειν
433 2097 484 2176 τῳ
510 2089 604 2175 βάρει
626 2096 697 2157 τῶν
719 2087 917 2175 προσώπων
939 2092 1153 2174 κωμῳδεῖται
1174 2089 1268 2175 παρὰ

138 2187 404 2276 Ἀριστοφάνους
420 2193 536 2278 (Βατρ.
551 2197 635 2274 911).
654 2193 691 2258 ἐν
709 2194 772 2278 μὲν
797 2191 860 2277 γὰρ
884 2196 926 2274 τῇ
942 2188 1052 2274 Νιόβη
1074 2188 1183 2278 Νιόβη
1205 2189 1271 2268 ἕως

141 2295 262 2376 τρίτου
292 2295 414 2378 μέρους
444 2295 672 2379 ἐπικαθημένη
709 2299 760 2379 τῷ
781 2291 879 2377 τάφῳ
913 2297 985 2358 τῶν
1010 2294 1144 2359 παίδων
1167 2289 1267 2359 οὐδὲν

140 2396 325 2480 φθέγγεται
343 2395 616 2482 ἐγκεκαλυμμένη·
634 2395 670 2462 ἐν
689 2419 726 2461 τε
748 2409 822 2471 τοῖς
836 2387 996 2479 Ἕκτορος
1013 2392 1149 2478 λύτροις
1163 2391 1266 2476 Ἀχιλ-

140 2495 217 2573 λεδς
240 2495 368 2581 ὁμοίως
390 2499 674 2583 ἐγκεκαλυμμένος
695 2492 737 2564 οὐ
759 2497 960 2582 φθέγγεται,
982 2495 1070 2583 πλὴν
1091 2497 1129 2562 ἐν
1151 2491 1268 2580 ἀρχαῖς

141 2593 237 2683 ὀλίγα
259 2598 345 2684 πρὸς
364 2597 485 2685 Ἑρμῆν
508 2595 674 2684 ἀμοιβαῖα,

227 2702 324 2765 Alter
345 2711 453 2765 autem
477 2701 574 2764 Vitae
596 2699 749 2784 Aeschyli
772 2702 862 2763 locus
880 2700 931 2762 hic
949 2710 1010 2762 est:
1028 2697 1069 2765 τὸ
1089 2695 1119 2764 δ’
1132 2697 1280 2766 ἁπλοῦνΙ

143 2807 202 2889 τῆς
224 2803 499 2888 δραματοποιίας,
522 2803 633 2887 εἰμέν
656 2827 708 2879 τις
728 2801 816 2886 πρὸς
837 2800 918 2877 τούς
938 2797 1007 2886 μετ)
1042 2799 1150 2868 αὐτὸν
1175 2803 1264 2887 λογί·

143 2911 254 2987 ζσιτο,
286 2909 418 2987 φαῦλον
448 2901 491 2970 άν
522 2906 724 2987 ἐκλαμβάνοι
756 2905 812 2969 καὶ
845 2898 1138 2988 άπραγμάτευτον,
1170 2903 1199 2969 εί
1225 2903 1264 2969 δὲ

142 3005 227 3091 πρὸς
248 3006 330 3083 τοὺς
352 3002 533 3092 ἀνωτέρω,
564 3005 748 3090 θαυμάσειε
779 3010 839 3091 τῆς
860 3006 1010 3078 ἐπινοίας
1033 3003 1097 3070 τὸν
1119 3005 1265 3092 ποιητὴν

140 3109 196 3171 καί
219 3112 279 3192 τῆς
300 3105 469 3192 εὑρέσεως.
840 3162 845 3166 .

219 3203 308 3294 Ὅτῳ
333 3211 368 3276 δὲ
387 3212 483 3277 δοκεῖ
498 3208 701 3296 τελεαίτερσς
719 3210 907 3294 τραγῳδίας
923 3206 1066 3296 ποιητὴς
1084 3211 1265 3295 Σοφοκλῆς

140 3313 329 3396 γεγονέναι,
357 3308 474 3396 ὀρθῶς
494 3314 556 3396 μὲν
579 3314 687 3392 δοκεῖ,
714 3313 900 3397 λογιζέσθω
922 3305 1147 3396 δ’ὅτιπολλρί
1168 3313 1261 3394 χαλε-

139 3408 298 3499 παίτερσν
320 3405 363 3500 ἦν
385 3414 439 3480 ἐπὶ
465 3415 613 3493 Θέσπιδι,
638 3416 793 3499 Φρυνίχῳ
811 3411 869 3479 καὶ
886 3416 1036 3498 Χοιρίλῳ
1055 3412 1101 3488 είς
1118 3409 1261 3479 τοσόνδε

138 3518 303 3601 μεγέθους
326 3515 389 3602 τὴν
406 3517 598 3601 τραγῳδίαν
619 3529 823 3600 προαγαγεῖν
841 3510 862 3602 ἢ
879 3515 934 3581 ἐπὶ
944 3512 1103 3599 Αἰσχύλῳ
1121 3511 1262 3580 εἰπόντα

140 3617 187 3694 είς
208 3616 272 3702 τὴν
294 3620 513 3699 Σοφοκλέους
534 3619 649 3685 ἐλθεῖν
672 3614 877 3704 τελειότητα.

223 3720 370 3800 Uterque
392 3720 496 3800 igitur,
525 3729 557 3783 et
579 3719 818 3802 Aristophanes
844 3728 877 3782 et
903 3720 957 3800 qui
984 3717 1140 3798 Aeschyli
1172 3736 1259 3779 com·

139 3822 247 3903 posuit
268 3823 377 3896 vitam,
400 3821 600 3903 Aeschylum
618 3822 780 3884 suffecisse
802 3830 933 3886 censent
956 3819 1151 3901 aequalibus
1186 3818 1260 3880 Huc

138 3925 224 3988 enirn
246 3930 381 4006 spectat,
404 3927 492 4004 quod
515 3924 660 3988 Bacchus
683 3925 760 3988 dicit
781 3944 809 3986 v.
831 3925 896 4005 916
916 3944 942 3985 s.
960 3923 1107 4002 gavisum
1130 3941 1166 3984 se
1189 3940 1260 3984 esse

136 4023 395 4106 Aeschylearum
423 4045 632 4108 personarum
660 4026 786 4091 silentio
814 4028 982 4108 ipsumque
1005 4023 1080 4086 illud
1103 4022 1160 4086 illis
1178 4031 1260 4086 tem·

135 4128 269 4208 poribus
291 4147 357 4188 non
381 4130 485 4190 minus
509 4129 695 4202 delectasse,
718 4149 816 4208 quam
839 4129 864 4189 si
886 4126 1079 4208 Euripideae
1101 4143 1260 4206 personae

1055 4241 1070 4275 2
