3118 5040
600 667 790 756 Εὐριπίδης.

261 776 363 857 σαφὲς
386 771 417 840 δ’
431 772 473 841 ἂν
495 771 588 840 εἶπεν
611 769 690 839 οὐδὲ
714 769 758 837 ἕν.

603 871 774 949 Διόνυσος.

829 973 874 1060 μὴ
896 988 973 1059 πρῖε
996 974 1078 1052 τοὺς
1101 971 1254 1052 ὀδόντας.

594 1074 786 1162 Εὐριπίόης.

263 1175 332 1247 ἀλλ’
352 1176 628 1266 ἢΣκαμάνόρους
645 1175 665 1268 ἢ
675 1177 825 1262 τάφρους
843 1175 863 1264 ἢ
878 1173 924 1252 ῗπ’
939 1174 1092 1245 ἀσπίδων
1109 1175 1255 1256 ἐπόντας

259 1284 483 1368 γρυπαιέτους
504 1281 735 1368 χαλκηλάτους
756 1283 812 1347 καὶ
837 1269 959 1368 ῥήμαθ’
972 1280 1189 1368 ἱππόκρημνα

197 1437 203 1452 .
265 1379 485 1470 όξυμβαλεῑν
508 1381 548 1452 ού
572 1381 657 1474 ῥηίόι>
683 1375 732 1470 ἦν.

608 1483 780 1562 Διόνυσος.

783 1586 824 1673 νὴ
846 1587 928 1664 τούς
949 1584 1062 1667 θεούς,
1084 1587 1150 1673 ἐγώ
1171 1591 1257 1673 γοῦν

260 1687 322 1777 ἤδη
344 1686 420 1758 ποτ’
446 1692 482 1758 ἐν
503 1695 621 1776 μακρῷ
642 1687 756 1774 χρόνῳ
779 1688 902 1766 νυκτὸς
925 1687 1153 1776 διηγρύπνησα

258 1792 321 1859 τόν
343 1791 474 1872 ξουθὸν
497 1789 725 1877 ἱππαλέκτορα
748 1796 867 1876 ζητοῦν,
889 1793 941 1868 τίς
963 1791 1054 1857 ἐστιν
1077 1786 1179 1876 όρνις.

608 1889 785 1976 Αἰσχύλος.

258 2011 394 2082 σημεῖον
418 1995 454 2062 ἐν
476 2009 550 2072 ταῖς
571 1996 700 2074 ναυσίν,
723 1985 945 2079 ὦμαθέστατ’,
969 1993 1201 2081 ἐνεγέγραπτο.

608 2092 779 2170 Διόνυσος.

258 2199 323 2284 ἐγώ
347 2201 383 2266 δὲ
406 2198 469 2265 τόν
494 2199 678 2278 Φιλοξένου
700 2193 727 2283 γ’
741 2191 973 2283 ηλμηνἝρυξιν
996 2193 1089 2264 εῖναι.

215 2303 368 2366 irridetur
386 2301 540 2364 hocloco
555 2299 749 2381 Aeschylus,
772 2302 861 2380 quod
877 2301 1064 2381 saepissime
1087 2303 1118 2363 in
1137 2301 1251 2364 fabulis

135 2407 244 2486 grandi
276 2407 422 2468 oratione
453 2403 622 2484 descripsit
652 2401 737 2465 bella
766 2410 799 2466 et
829 2421 954 2485 pugnas
987 2410 1019 2464 et
1045 2422 1130 2464 nova
1157 2403 1251 2467 finxit

134 2508 237 2570 verba.
269 2499 431 2568 ¹Eandem
455 2504 645 2568 bellicosam
675 2513 710 2566 ut
740 2506 784 2567 ita
814 2506 919 2567 dicam
946 2502 1103 2584 Aeschyli
1130 2507 1252 2586 magni·

134 2609 327 2690 loquentiam
357 2607 666 2686 audacissimamque
697 2606 870 2670 verborum
899 2607 1169 2688 compositionem
1199 2628 1253 2670 co·
1285 2634 1288 2639 ·

134 2712 230 2773 micus
260 2711 364 2789 tangit
397 2707 503 2771 verbis
535 2729 564 2770 v.
596 2724 659 2788 929
690 2701 813 2792 ῥήμαθ’
843 2704 1059 2794 ἱππόκρημνα
1082 2717 1166 2771 etv.
1189 2725 1251 2790 932

134 2809 368 2894 ἱππ-αλέκτωρ.
784 2806 786 2810 ’

213 2912 329 2976 Verba
351 2921 460 2975 autem
483 2913 675 2992 composita,
707 2931 845 2991 quorum
872 2911 972 2974 altera
998 2933 1073 2994 pars
1097 2913 1154 2977 suit
1175 2939 1250 3001 κρη-

22 3073 23 3104 3
132 3011 212 3098 μνός
230 3011 282 3096 (ὁ),
302 3033 386 3095 quae
407 3034 475 3076 vox
493 3012 653 3095 significat
670 3013 775 3076 locum
794 3014 1010 3096 praecipitem,
1034 3026 1252 3100 praeruptum,

22 3117 23 3178 i
133 3119 265 3180 arduum
288 3117 448 3180 amavisse
470 3115 595 3179 videtur
611 3114 804 3196 Aeschylus
841 3116 970 3180 Eodem
989 3120 1074 3180 enim
1093 3120 1134 3182 de
1151 3121 1252 3182 verbo

134 3219 211 3282 alter
243 3239 373 3300 quoque
399 3217 628 3300 Aristophanis
659 3220 726 3299 agit
751 3218 855 3293 locus,
890 3220 943 3300 qui
975 3228 1024 3283 est
1051 3219 1193 3283 Nubium
1222 3243 1251 3286 ν.

138 3323 215 3401 1364
238 3341 290 3402 ss,
313 3321 368 3383 ubi
391 3318 595 3402 Strepsiades
618 3321 660 3382 de
682 3319 874 3402 Phidippide
896 3320 962 3384 filio
985 3322 1066 3385 hae'c
1089 3332 1209 3386 narrat:

215 3420 333 3488 ἔπειτα
355 3417 390 3485 δ’
416 3415 559 3488 ἓκέλευσ
586 3415 695 3486 αὐτόν
719 3418 802 3487 ἀλλὰ
826 3423 989 3508 μυρρίνην
1011 3421 1160 3504 λαβόντα

215 3528 287 3589 τῶν
310 3521 483 3607 Αἰσχύλου
504 3524 593 3602 λέξαι
615 3524 648 3588 τί
670 3541 735 3608 μοι·
758 3514 836 3589 κᾶθ’
849 3514 951 3600 οὗτος
973 3519 1078 3600 εὐθὺς
1100 3521 1201 3602 εἶπεν,

217 3624 294 3710 (ἐγώ
316 3624 379 3710 γὰρ
401 3622 572 3708 Αἰσχύλον
594 3626 720 3710 νομίξοο
741 3631 882 3710 πρῶτον
905 3626 942 3693 ἐν
964 3627 1128 3712 ποιηταῖς)

214 3724 333 3810 ψόφου
354 3728 485 3807 πλέων,
509 3723 712 3808 ἀξύστατον,
736 3726 927 3814 στόμφακα,
963 3727 1252 3815 κρημνοζποιύν.

216 3829 291 3892 Duo
314 3829 418 3894 adhuc
436 3829 496 3894 loci
519 3840 593 3894 sunt
614 3833 742 3906 servati,
764 3831 880 3913 quibus
896 3829 1087 3911 Aeschylus
1105 3840 1154 3894 est
1177 3854 1252 3895 usus

133 3931 291 3992 adiectivo
319 3928 561 4017 <ύφίκρημνος,
595 3933 626 3994 in
661 3932 726 3995 alto
761 3933 950 4014 praecipitio
981 3933 1059 3994 situs
1091 3933 1158 3995 sive
1189 3934 1253 3998 alte

131 4027 296 4113 pendens,'
321 4033 377 4095 ubi
396 4033 473 4096 illud
496 4035 624 4096 minime
647 4035 754 4115 inepte
777 4034 887 4096 tribuit
904 4034 1044 4096 urbibus:
1067 4035 1170 4106 Prom,
1189 4067 1247 4127 421

132 4133 181 4194 ed.
206 4133 328 4196 Herm:
