3118 5040
587 509 797 573 -n-

137 685 196 727 una
218 685 291 727 cum
312 673 411 745 poeta
437 665 595 730 interierit.
639 664 735 729 Unde
757 665 815 740 illi,
844 686 916 728 cum
946 667 977 727 in
1007 666 1094 730 Orco
1120 674 1249 747 praesto

137 767 197 837 sint
215 765 342 828 fabulae
360 767 402 828 ad
421 787 559 842 manum,
578 787 660 846 quae
678 769 793 829 recitet
812 769 844 829 in
855 776 1014 848 promptu
1033 788 1104 830 esse
1129 762 1248 832 futura?

219 866 344 931 Verum
374 868 547 949 posteritas
578 869 707 931 minime
735 889 768 930 re
798 869 1023 950 comprobavit
1054 869 1117 930 hoc
1147 875 1250 931 facete

135 970 263 1031 dictum.
318 969 404 1040 Nam
440 971 555 1032 summi
587 970 615 1032 ei
645 971 757 1050 tragici
790 971 971 1033 etiamnunc
1001 972 1112 1032 vivunt
1143 970 1249 1036 ambo,

136 1070 220 1152 Quin
250 1071 347 1133 etiam
378 1065 566 1134 ‘miserrimi'
598 1070 676 1134 illius
698 1071 859 1153 Euripidis
889 1074 980 1153 poesi
1010 1081 1137 1153 tempus
1165 1072 1250 1134 edax

136 1193 239 1235 rerum
263 1172 364 1235 multo
394 1174 497 1254 magis
515 1173 578 1235 -suit
599 1175 773 1255 propitium
796 1193 893 1253 quam
916 1172 1081 1253 Aeschylo
1111 1173 1153 1234 ab
1177 1172 1253 1246 Ari«

138 1273 296 1354 stophane
314 1274 397 1336 adeo
407 1276 592 1356 praedicato
602 1302 609 1350 ;
627 1275 717 1338 huius
733 1278 816 1338 enim
836 1284 962 1364 septem
981 1284 1105 1337 tantum
1114 1274 1251 1336 tulerunt

136 1384 273 1438 aetatem
297 1375 434 1451 fabulae,
456 1376 534 1438 illius
557 1386 666 1440 autem
690 1378 896 1458 undeviginti.

367 1547 387 1608 ἒ.
405 1559 428 1593 2.
463 1547 504 1594 De
523 1547 643 1610 Aeschyli
664 1547 803 1595 fabularum
823 1548 1012 1612 compositione.

218 1679 310 1743 Solet
332 1679 500 1760 Aeschylo
524 1681 646 1742 crimini
669 1681 737 1742 dari
760 1683 895 1745 actionis
921 1682 953 1742 in
980 1683 1156 1762 tragoediis
1185 1682 1251 1743 eius

136 1783 258 1846 exilitas
285 1792 317 1847 et
344 1786 432 1864 quod
462 1784 601 1846 carmina
628 1784 755 1847 chorica
782 1794 854 1848 sunt
884 1785 1040 1866 longiora.
1083 1784 1171 1865 Justa
1203 1791 1252 1846 est

135 1905 171 1946 ea
191 1887 393 1966 vituperatio:
421 1906 523 1965 neque
545 1894 654 1948 tamen
676 1889 708 1948 in
731 1887 826 1967 culpa
848 1895 896 1949 est
918 1884 1112 1966 Aeschylus.

217 1988 340 2050 Primus
363 1989 446 2050 enim
469 1987 654 2068 Aeschylus
676 1989 786 2050 docuit
809 1987 943 2062 sabula5‚
973 1996 1005 2049 et
1034 1996 1165 2068 poetae,
1198 1989 1252 2066 qui

135 2099 207 2151 ante
229 2110 303 2152 eum
326 2089 449 2152 fabulas
472 2093 610 2152 condere
633 2099 723 2152 erant
750 2091 868 2151 conati:
897 2088 1047 2170 Thespis,
1076 2088 1251 2162 Choerilus

25 2249 26 2252 ,
136 2190 340 2271 Phrynichus
363 2193 516 2266 Pratina5‚
540 2193 647 2272 potius
670 2193 760 2272 lyrici
782 2211 878 2271 quam
906 2192 1017 2271 tragici
1044 2199 1117 2252 sunt
1145 2190 1252 2271 appel-

136 2293 229 2358 landi.
274 2294 387 2374 Usque
413 2296 454 2356 ad
484 2292 685 2374 Aeschylum
716 2294 904 2375 tragoediae
933 2315 976 2356 ex
1006 2293 1093 2355 chori
1121 2293 1252 2355 canticis

25 2405 26 2436 ³
135 2396 337 2475 potissimum
360 2396 594 2470 consistebant,
628 2417 707 2458 unus
737 2406 862 2460 tantum
894 2405 985 2459 actor
1009 2395 1167 2476 tragicus,
1198 2394 1252 2475 qui

134 2497 179 2559 his
201 2497 308 2560 choris
331 2507 401 2560 erat
423 2499 565 2573 additus,
596 2501 735 2562 breviter
766 2498 953 2580 exponebat
982 2519 1041 2560 res,
1068 2496 1251 2577 Aeschylus

25 2595 26 2610 ¹
136 2598 235 2661 altero
263 2601 446 2661 introducto
478 2600 629 2662 histrione
660 2602 793 2662 instituit
824 2600 1014 2674 diuerbium,
1047 2601 1135 2680 quod
1165 2600 1251 2679 apud

25 2779 26 2806 ρ
135 2709 258 2779 poetas
276 2701 475 2779 antiquiores·
498 2721 570 2766 esse
596 2722 659 2763 non
682 2710 832 2782 potuerat
857 2702 915 2763 nisi
950 2703 1032 2764 inter
1063 2701 1252 2763 histrionem

135 2810 166 2863 et
188 2801 409 2884 coryphaeum
441 2802 491 2864 vel
521 2806 684 2884 utriusque
706 2803 892 2866 hemichorii
916 2806 1048 2877 ducem;
1079 2823 1143 2882 quo
1167 2801 1251 2864 lacto

136 2903 316 2983 Aeschylus
339 2905 533 2984 aliquantum
561 2905 696 2966 resecuit
723 2906 862 2967 carmina
886 2903 1020 2978 chonca,
1050 2903 1089 2968 cf.
1113 2905 1249 2966 Aristot.

25 3035 26 3096 }
133 3004 218 3067 Poet.
246 3022 274 3080 4,
310 3023 354 3084 13.
386 3007 442 3069 καὶ
474 3003 515 3071 τό
548 3030 585 3071 τε
616 3011 689 3071 τῶν
731 3004 927 3088 ὑποκριτῶν
954 3010 1089 3091 πλῆθος
1115 3005 1149 3082 ἐξ
1176 3001 1252 3078 ἑνὸς

135 3105 178 3182 εἰς
196 3102 259 3171 δύο
277 3112 414 3189 πρῶτος
434 3104 603 3191 Αἰσχύλος
621 3103 720 3194 ἤγαγε
735 3110 789 3174 καὶ
808 3106 851 3172 τὰ
870 3112 934 3172 τοῦ
948 3112 1053 3190 χοροῦ
1067 3102 1251 3191 ἠλάττωσε,

133 3210 185 3272 καὶ
208 3207 273 3273 τὸν
296 3205 398 3293 λόγον
420 3209 708 3295 πρωταγωνιστὴν
731 3207 996 3293 παρεσκεύασεν,
1025 3220 1114 3290 τρεῖς
1137 3207 1250 3271 δὲκαὶ

134 3313 387 3395 σκηνογραφίαν,
412 3317 599 3398 Σοφοκλῆς.
670 3312 743 3394 Qua
772 3333 806 3374 re
833 3312 1035 3392 Aeschylum
1063 3310 1252 3390 tragoediae

135 3424 257 3492 patrem
281 3435 352 3477 esse
374 3414 600 3496 appellandum
618 3435 733 3477 omnes
755 3417 970 3488 consentiunt;
993 3412 1134 3493 exempli
1157 3431 1253 3474 causa

133 3536 191 3595 pro
219 3515 325 3579 multis
357 3537 454 3580 unum
482 3517 612 3586 nomino
645 3515 887 3596 Quintilianum,
919 3517 973 3596 qui
999 3515 1134 3576 Institut.
1163 3514 1251 3577 Orat.

137 3632 181 3691 10,
207 3635 232 3692 1,
254 3618 297 3680 66
318 3619 501 3699 tragoedias
524 3618 661 3698 primum
685 3620 715 3681 in
737 3619 841 3682 lucem
857 3617 1057 3698 Aeschylum
1079 3615 1251 3698 protulisse

135 3721 264 3781 censuit.

211 3822 283 3901 Jam
305 3822 403 3903 ipsius
425 3821 580 3901 Aeschyli
602 3821 805 3904 temporibus
828 3821 1008 3902 Sophocles
1039 3821 1169 3882 tertium
1195 3822 1251 3880 ad-

135 3921 235 3982 iunxit
254 3922 440 3985 histrionem
458 3943 496 3985 ac
511 3923 582 4004 plus
601 3924 698 3987 etiarn
713 3924 802 3986 chori
821 3932 932 3986 cantus
951 3922 1114 3983 imminuit.
1148 3921 1252 3982 Multo

135 4022 236 4102 magis
267 4022 350 4085 ultra
380 4033 487 4087 autem
518 4043 708 4106 progressus
740 4036 790 4089 est
822 4024 1012 4106 Euripides,
1047 4025 1100 4102 qui
1132 4041 1251 4083 novam

134 4125 275 4204 aperiens
308 4127 393 4187 viam
427 4126 522 4207 plane
551 4129 685 4190 descivit
717 4149 735 4190 a
770 4128 936 4208 tragoedia
973 4126 1108 4204 antiqua.
1164 4123 1251 4206 Quid
