3118 5040
707 495 919 555 ..24-

335 641 417 726 άλλ,
441 637 469 711 οἷ
492 650 632 731 πρῶτος
653 650 727 712 τῶν
742 643 909 732 Ἑλλήνων
926 643 1104 733 πυργώσας
1121 645 1251 735 ῥήματα
1269 648 1370 734 σεμνά

334 749 391 813 καὶ
406 746 573 833 κοσμήσας
587 746 748 837 τραγικὸν
756 752 869 834 λῆρον,
878 754 1021 836 θαρροῦν
1031 747 1095 814 τὸν
1114 749 1262 834 κρουνὸν
1271 744 1371 832 άφίει.

337 850 517 916 Scholiasta
539 853 582 916 ad
600 850 769 933 Aristoph.
791 851 881 915 Pacis
903 873 934 913 v.
952 867 1023 932 749,
1046 872 1143 933 quem
1161 874 1259 936 supra
1276 852 1375 929 attuli,

249 962 378 1034 praeter
407 952 491 1016 hune
522 974 650 1017 versum
686 969 768 1032 1004
796 954 994 1017 Pherecratis
1021 975 1040 1017 e
1069 952 1248 1035 Crapatalis
1279 955 1375 1019 affert

250 1076 387 1130 versum,
410 1075 475 1136 quo
498 1055 680 1136 Aeschylus
703 1057 744 1119 de
766 1056 941 1137 semetipso
964 1055 1045 1119 haec
1068 1056 1160 1119 dicit:

327 1148 437 1232 Ὅστις
450 1151 599 1241 γάὐτοῐς
610 1156 793 1240 παρέδωκα
810 1157 929 1241 τέχνην
945 1155 1091 1242 μεγάλην
1107 1154 1375 1246 ἐξοικοδομήσας.

334 1257 432 1320 Paulo
455 1258 536 1321 infra
558 1267 679 1334 autem,
718 1267 893 1341 postquam
916 1257 1101 1340 Aeschylus
1130 1260 1172 1322 de
1197 1261 1288 1340 poesi
1311 1256 1375 1322 ¹sua

249 1358 354 1424 bellici
369 1361 509 1441 impetus
524 1359 618 1441 plena
635 1369 684 1423 est
698 1358 832 1436 locutus,
850 1360 1018 1442 Euripides
1037 1361 1118 1424 haec
1136 1362 1213 1424 dicit
1229 1382 1258 1427 v.
1280 1363 1374 1424 1018:

334 1462 390 1525 καὶ
410 1459 450 1543 δὴ
466 1473 568 1547 χωρεῖ
582 1462 679 1527 τουτὶ
697 1460 738 1528 τὸ
757 1458 872 1528 κακόν·
880 1467 1100 1547 κρανοποιῶν
1110 1452 1151 1527 αὖ
1160 1456 1373 1548 μ’έπιτρληιει.

335 1561 485 1626 Alteram
508 1564 601 1627 huius
616 1585 728 1627 versus
744 1572 871 1646 partem
886 1561 1049 1627 ‘enecabit
1071 1585 1124 1626 me
1142 1564 1253 1644 galeas
1271 1583 1375 1644 usque

250 1661 517 1729 commemorans'
543 1668 734 1748 Droysenus
756 1666 843 1729 haud
873 1668 982 1749 inepte
1012 1667 1122 1730 tribuit
1144 1667 1290 1742 Bacch0,
1320 1668 1375 1748 qui

249 1767 495 1831 Atheniensium
519 1777 739 1851 repraesentat
760 1765 961 1835 sententiam.
1005 1767 1188 1831 Scholiasta
1210 1789 1250 1831 ea
1271 1768 1375 1831 verba

250 1870 295 1930 sic
317 1869 472 1950 explicat:
492 1866 612 1954 <κράνη
634 1871 690 1934 καὶ
712 1864 840 1951 λόφους
863 1867 1080 1956 διηγούμενος
1101 1863 1239 1952 άφανιεῖ
1259 1893 1298 1954 με
1320 1871 1375 1953 τογ’

248 1967 389 2054 πατάγῳ
411 1973 485 2035 τῶν
507 1966 707 2055 ὀνομάτων.’

336 2071 421 2134 Tum
443 2094 472 2136 v.
499 2075 581 2153 1056
602 2073 772 2155 Euripides
794 2072 875 2136 haec
898 2073 1021 2154 quaerit
1044 2094 1087 2136 ex
1109 2070 1292 2154 Aeschylo:

654 2170 697 2261 ἢν
720 2165 782 2240 οὖν
804 2173 844 2240 σύ
866 2176 961 2260 λέγης
979 2172 1219 2258 Λυκαβηττοὺς

291 2275 346 2340 καὶ
358 2279 549 2360 Παρνασοόν
566 2273 646 2362 ἡμῖν
663 2277 799 2361 μεγέθη,
817 2272 910 2342 τοῦτ)
923 2275 993 2342 ἐστὶ
1003 2274 1044 2342 τδ
1055 2275 1180 2360 χρηστά
1190 2272 1373 2352 διδάσκειν,

292 2369 333 2442 δν
348 2376 410 2464 χρὴ
430 2375 570 2463 φράζειν
594 2373 831 2460 άνδρωπείοις;

720 2475 894 2561 Αἰσχύλος.

846 2575 929 2659 ἀλλ’,
952 2569 1217 2663 οδκακάδαηιον,
1241 2573 1372 2662 ἀνάγκη

291 2679 445 2766 μεγάλων
463 2685 608 2766 γνοηιοὸν
626 2682 682 2745 καὶ
700 2681 870 2747 διανοιῶν.
882 2681 936 2746 ἰ’σα
954 2679 1067 2745 καὶτὰ
1086 2677 1216 2766 ῥήματα
1233 2681 1372 2746 τίκτειν.

334 2782 535 2864 Lycabettos
570 2801 757 2846 enumerare
787 2791 820 2845 et
848 2783 1061 2846 Parnasorum
1091 2782 1155 2844 alta
1192 2782 1281 2844 idem
1321 2791 1373 2844 est

249 2886 338 2965 quod
360 2906 389 2948 v.
408 2901 473 2966 929
490 2879 612 2970 driuad’
631 2880 853 2968 ἱππόκρημνα.
869 2878 1106 2966 Ἀνθρωπελως
1123 2883 1231 2962 λέγειν
1253 2890 1372 2957 autern,

249 2983 389 3047 humano
414 3007 503 3049 more
521 2986 618 3067 loqui,
640 2985 835 3048 Fritzschius
858 2994 945 3048 recte
967 2987 1194 3066 interpretatur
1212 2981 1290 3045 ‘non
1313 3004 1371 3064 pe-

249 3087 366 3148 cudum
390 3107 480 3150 more
502 3107 600 3150 sonos
626 3088 736 3150 inanes
759 3077 827 3149 sine
849 3086 965 3148 iudicio
996 3079 1134 3148 fundere’
1172 3094 1204 3147 et
1233 3087 1373 3167 opponit

248 3188 383 3251 verbum
399 3189 626 3271 χελιδονίζειν,
644 3188 815 3252 barbaram
833 3207 948 3250 vocem
967 3187 1156 3250 emitteres
1176 3186 1314 3250 obscure
1338 3196 1373 3252 et

248 3289 386 3353 barbare
407 3290 502 3372 loqui.

333 3391 374 3453 V.
402 3409 484 3455 1100
506 3393 623 3456 chorus
645 3392 725 3456 haec
747 3392 902 3473 loquitur:

374 3492 523 3576 χαλεπὸν
545 3483 608 3559 οὖν
630 3491 730 3578 ἐ’ργον
753 3493 905 3577 διαιρεῖν,

377 3588 471 3661 ὅταν
493 3592 512 3661 ὁ
534 3596 610 3681 μὲν
637 3597 751 3678 τεὶνη
773 3595 931 3674 βιαίας,

291 3693 350 3763 δδ
363 3696 628 3781 ἐπαναστρέφειν
650 3693 793 3781 δύνηται
816 3689 1075 3776 κάπερείδεσθαι
1096 3695 1213 3774 τορῶς.

333 3798 518 3881 Aeschylus
541 3800 715 3862 contendit¹
730 3797 848 3872 valide,
880 3796 1049 3876 Euripides
1076 3793 1194 3858 relutat
1223 3802 1256 3857 et
1277 3794 1371 3858 obni-

248 3904 324 3964 titur
340 3905 434 3967 scite.

333 4003 399 4068 Ubi
431 4012 503 4066 actu
535 4003 675 4083 septimo
708 4021 737 4064 v.
775 3997 983 4078 1261—1369
1015 3998 1212 4078 disputatum
1245 4006 1295 4060 est
1327 4000 1371 4062 de

248 4103 338 4167 chori
358 4106 500 4179 canticis,
519 4103 714 4168 existimatio
730 4101 819 4182 quasi
838 4101 880 4162 ad
898 4099 997 4162 finem
1015 4107 1064 4161 est
1081 4100 1245 4180 perducta,
1263 4119 1370 4180 neque
