3118 5040
608 512 818 576 ,37-

238 666 324 728 Turn
347 686 477 729 versum
504 682 579 745 1291
602 678 717 747 κυρεῖν
739 653 919 750 παραοχών
939 671 1011 733 κτλ.
1035 688 1078 731 ex
1095 666 1274 750 Agamem·
1380 755 1383 762 ι
1450 677 1453 684 ’

150 788 236 831 none
254 767 388 830 fluxisse
411 776 521 830 censet
539 765 712 829 scholiasta
734 768 842 831 verbis
860 766 928 833 ‘real
948 774 1052 835 τοῦτο
1070 770 1105 849 ἐξ
1120 765 1274 855 Ἀγαμέμ-

150 863 263 944 vovoc'
293 867 404 944 allatis.
456 867 663 931 Grammatici
690 878 803 932 autem·
826 890 900 932 eum
930 890 1059 933 versum
1086 872 1275 936 rettulerunt

150 979 206 1032 aut
229 971 272 1033 ad
293 990 322 1034 v.
352 974 432 1051 1289
455 979 510 1033 aut
529 970 618 1032 adv.
640 987 721 1051 1294
739 972 757 1032 i.
776 992 802 1035 e.
821 981 874 1034 aut
890 970 1026 1053 Sphingi
1044 982 1099 1046 aut
1117 971 1274 1049 Thressis,

150 1092 169 1135 e
193 1072 309 1152 quibus
332 1093 360 1134 v,
388 1089 469 1151 1294
496 1081 546 1134 est
566 1073 797 1153 depromptus,
819 1073 1038 1137 attribuerunt.
1081 1075 1109 1135 F
1110 1074 1274 1137 ritzschius

150 1181 184 1237 et
205 1172 352 1236 Kockius
381 1194 456 1237 eum
484 1193 611 1236 versum
634 1193 653 1235 e
675 1171 821 1254 Sphinge
847 1184 1162 1240 manasse-censent.
1207 1175 1273 1239 Sed

149 1274 318 1338 Fritzschii
348 1275 522 1357 explicatio
554 1310 595 1320 —
623 1272 643 1340 l.
673 1274 745 1355 lp.
775 1291 837 1356 390
865 1313 908 1321 -
937 1276 1013 1338 mihi
1043 1275 1120 1339 nihil
1149 1277 1274 1340 videtur
1372 1363 1374 1366 Ι

149 1377 291 1457 probare
320 1387 353 1440 et
378 1379 536 1441 evincere.
591 1374 717 1455 Sequor
744 1378 840 1456 igitur
866 1385 984 1441 testem
1010 1379 1274 1459 antiquissimum,

149 1477 367 1554 scholiastam,
390 1480 477 1541 cuius
500 1477 701 1559 temporibus
721 1477 807 1540 idem
825 1479 1083 1560 Agamemnonis
1101 1465 1189 1542 locus
1212 1479 1274 1544 sor·

148 1588 237 1644 tasse
260 1581 386 1662 integer
409 1589 478 1644 erat
505 1589 658 1643 servatus
704 1580 812 1643 Probo
839 1590 947 1644 autem
974 1581 1093 1644 Kockii
1121 1582 1274 1664 interpre7

148 1683 319 1758 tationem,
370 1683 423 1763 qui
467 1691 577 1746 censet
616 1682 723 1746 verbis
754 1683 851 1746 κυσὶν
896 1677 1110 1767 ἀεροφοίτοις
1150 1683 1272 1765 aquilas

150 1784 331 1865 significari,
356 1783 396 1848 cl.
420 1785 520 1847 Hom.
542 1784 576 1847 Il.
603 1801 628 1860 1,
649 1802 678 1862 4.
706 1798 732 1864 5.

236 1886 304 1949 lam
332 1889 373 1950 de
400 1887 526 1949 duobus
553 1885 614 1949 illis
642 1886 788 1948 versibus
816 1884 1130 1967 epiphthegmaticiS,
1159 1888 1274 1968 quibus

151 1987 181 2050 in
196 1987 260 2050 hoc
275 1997 414 2051 centone
432 1988 534 2068 lyrico
549 2007 624 2050 usus
640 1997 690 2049 est
704 1987 872 2068 Euripides
887 1987 1158 2069 Aristophaneus,
1175 1989 1274 2054 verba

151 2098 224 2152 sunt
248 2088 403 2153 facienda.
447 2088 501 2151 Ac
523 2091 611 2170 prior
633 2091 763 2169 quidem
787 2109 898 2152 eorum
921 2110 1083 2152 versuum:

279 2188 312 2276 ἰὴ
334 2187 445 2256 κόπον
469 2183 510 2255 οὐ
533 2183 695 2265 πελάθεις
715 2183 764 2254 ἐπ’
790 2183 945 2274 ἆροογόν;

152 2293 182 2353 id
213 2293 303 2374 quod
333 2313 429 2374 supra
460 2291 726 2367 commemoravi,
761 2292 792 2353 in
822 2292 980 2373 Aeschyli
1011 2288 1269 2373 Myrmidonibus

152 2414 279 2476 quoque
301 2403 430 2458 secutus
452 2403 505 2456 est
526 2394 689 2457 Ranarum
711 2413 838 2457 versum
866 2396 947 2473 1264
975 2389 1103 2460 Φθιῶτ’
1125 2389 1271 2479 Ἀχιλλεῦ

152 2501 218 2561 κτλ.
266 2496 439 2579 Quaeritur
466 2516 531 2578 quo
559 2498 659 2559 modo
690 2505 776 2562 recte
798 2496 956 2559 scribatur
978 2505 1010 2559 et
1032 2497 1223 2578 explanetur
1245 2501 1271 2562 is

153 2617 261 2660 versus
292 2597 497 2662 intercalaris.
543 2597 723 2662 Scholiasta
753 2599 837 2662 enim
864 2598 907 2660 ad
935 2618 963 2660 v.
998 2599 1079 2676 1264
1101 2599 1207 2680 (1297)
1239 2610 1272 2662 et

155 2716 230 2781 1273
256 2703 362 2783 (1307)
387 2702 498 2764 scribit
520 2696 661 2783 ῑὴκοπος
682 2720 746 2762 uno
773 2709 894 2774 tenore,
919 2720 958 2761 ac
979 2700 1187 2776 Fritzschius‚
1217 2703 1270 2781 qui

152 2802 355 2867 scholiastam
385 2806 543 2885 sequitur,
583 2800 727 2890 ἰήκοπον
763 2801 899 2863 verbum
936 2820 1008 2863 esse
1044 2811 1137 2882 putat
1176 2803 1272 2884 plane

153 2904 370 2987 Aeschyleum
399 2907 550 2985 idemque
577 2904 756 2986 significare
778 2903 867 2983 quod
892 2897 978 2985 ἰήϊος
1006 2898 1114 2979 κόπος
1136 2905 1152 2964 i.
1176 2925 1202 2969 e.
1226 2905 1270 2968 la·

153 3007 331 3070 mentabilis
362 3007 516 3088 planctus,
577 3006 661 3069 Tum
692 3003 799 3067 verbis
826 2997 1089 3084 ζἀνόροόοὶϊκτος
1119 2998 1267 3090 ἰήκοπος’

151 3110 274 3192 proprie
294 3106 449 3172 ‘virorum
471 3107 657 3172 interfector
682 3106 828 3188 planctus
856 3099 1075 3168 lamentabilis'
1101 3106 1269 3186 significari

153 3211 353 3274 eiulationem
383 3231 509 3286 eorum,
537 3211 591 3291 qui
619 3210 650 3271 in
678 3208 800 3290 proelio
823 3206 953 3282 cadunt,
981 3217 1101 3270 censet.
1145 3208 1269 3271 Verum

151 3349 189 3359 -
210 3313 338 3376 omissis
361 3315 459 3376 etiam
482 3311 604 3386 verbis,
635 3332 717 3392 quae
738 3309 905 3372 Fritzschii
933 3309 1110 3372 sententiae
1136 3309 1268 3373 obstare

151 3417 301 3490 videntur,
327 3436 356 3476 v.
391 3416 472 3494 1269
499 3409 563 3478 δύο
593 3408 690 3478 κόπω
719 3422 752 3476 et
783 3427 861 3493 1272
892 3411 1057 3495 τρίτος...
1087 3404 1195 3487 κόπος
1227 3448 1268 3457 -

151 3517 381 3580 substantivum
404 3512 545 3602 ἰήκοπος
566 3515 651 3578 nullo
674 3513 736 3578 alio
759 3515 831 3579 loco
854 3514 1018 3596 reperitur.
1059 3514 1171 3594 Itaque
1194 3532 1268 3575 curn

151 3618 293 3700 Bergki0‚
312 3618 450 3694 Kocki0‚
469 3617 539 3680 aliis
551 3617 657 3680 scribo
676 3615 708 3702 ἰὴ
726 3612 838 3683 κόπον
856 3618 899 3679 ita
918 3617 1057 3697 quidem,
1075 3623 1110 3677 ut
1127 3613 1266 3678 habeam

150 3741 204 3801 pro
235 3719 362 3783 duabus
393 3720 536 3796 vocibus
567 3728 600 3782 et
631 3717 664 3804 l)
696 3719 889 3782 vocabulum
916 3719 1168 3783 interiectionem
1195 3737 1267 3780 esse

151 3841 270 3887 censeo,
297 3857 336 3867 -
358 3823 546 3904 Perstringit
575 3830 682 3884 autem
710 3823 736 3883 is
766 3841 877 3885 versus
904 3821 1069 3902 quinquies
1101 3821 1263 3901 repetitus

151 3926 197 4004 qui
219 3926 262 3986 ad
284 3923 397 3987 tibiam
419 3924 567 3986 videlicet
589 3921 775 3998 canebatur,
807 3943 969 3986 armorum
991 3923 1159 4003 strepitum
1182 3923 1265 3983 viro·

150 4047 279 4108 mmque
308 4027 520 4107 pugnantium
552 4024 821 4099 exclamationes,
859 4044 940 4103 quae
980 4044 1030 4086 res
1068 4023 1196 4105 saepius
1233 4023 1264 4082 in

149 4125 300 4216 Aeschyli
324 4126 438 4190 sabulis
466 4127 700 4201 describuntur,
730 4147 880 4189 versuum
907 4125 1139 4189 intercalarium
1170 4144 1263 4187 usum
