3118 5040
708 511 920 571 „28-

341 673 535 750 Schulze,
567 677 618 738 De
645 675 836 757 imaginibus
865 683 898 738 et
924 674 1062 756 figurata
1085 674 1242 758 Aeschyli
1269 677 1376 740 elocu-

254 776 349 850 tione,
373 776 535 842 Halberst.
563 779 651 856 1854

340 878 459 957 Todt,
496 879 548 941 De
579 878 751 960 Aeschylo
787 880 1020 943 vocabulorum
1055 879 1230 942 inventore.
1284 879 1376 942 Halis

255 978 333 1047 Sax.
360 983 450 1060 1855.
472 998 503 1059 4.

338 1081 456 1156 Tuch,
488 1082 539 1145 De
561 1079 719 1161 Aeschyli
742 1081 880 1162 figurata
906 1081 1096 1156 elocutione,
1128 1082 1376 1164 Wittenbergae

258 1185 346 1265 1869.
369 1201 399 1260 4
424 1181 541 1263 Gymn.
565 1183 674 1263 Progr.
698 1197 740 1261 24
761 1203 816 1264 pp.

339 1283 558 1348 O.Wolters
569 1283 670 1364 dori,
694 1284 851 1347 Dictionis
867 1284 1068 1366 Aeschyleae
1089 1287 1120 1348 in
1138 1285 1274 1367 dialogis
1292 1306 1375 1366 quae

253 1388 316 1448 sint
337 1386 560 1467 proprietates.
593 1386 691 1467 Jenae
717 1389 806 1467 1874.
829 1390 857 1450 8.
883 1403 924 1468 29
941 1407 995 1469 pp.
1034 1386 1144 1450 Plures
1163 1390 1259 1450 etiam
1279 1386 1375 1450 libelli

253 1487 428 1551 afferuntur
449 1485 561 1550 Philol.
584 1504 634 1567 32.
657 1508 688 1569 p.
713 1490 784 1567 318.

551 1657 571 1721 l.
589 1671 614 1719 4.
649 1659 689 1706 De
708 1658 829 1722 Aeschyli
847 1659 962 1724 prologis
979 1660 1080 1711 iudicia.

339 1793 405 1858 Ubi
428 1795 577 1869 omnino,
608 1794 775 1874 quomodo
804 1795 886 1855 inter
917 1815 953 1856 se
982 1793 1131 1856 differant
1158 1792 1311 1875 Aeschyli
1342 1804 1375 1856 et

253 1895 414 1976 Euripidis
433 1893 567 1969 fabulae,
588 1897 807 1957 examinatum
826 1903 883 1969 est,
903 1897 934 1956 in
950 1894 1185 1958 Ranis'chorus
1200 1895 1231 1956 in
1249 1897 1374 1958 cantico

253 1998 485 2077 (1099-1118)
508 1997 717 2072 adversarios,
739 2006 774 2058 ut
796 1997 937 2078 singulas
960 1995 1139 2060 fabularum
1166 2005 1273 2078 partes
1295 2016 1374 2060 exa-

252 2100 383 2172 minent,
406 2097 603 2166 adhortatur.
637 2097 750 2179 Itaque
768 2100 950 2179 episodium
968 2107 1101 2161 sextum
1118 2119 1145 2160 v.
1165 2113 1374 2178 1119—1250

252 2200 293 2262 de
309 2201 444 2263 duorum
463 2209 633 2282 poetarum
653 2201 720 2282 agit
738 2201 891 2282 prologis,
919 2200 1050 2282 Prologi
1069 2209 1178 2264 autem
1196 2199 1373 2281 Aeschylei

250 2323 308 2366 eae
337 2303 578 2382 tragoediarum
609 2312 684 2365 sunt
713 2313 835 2384 partes,
867 2322 950 2383 quae
978 2304 1174 2384 praecedunt
1205 2302 1373 2384 parodum.

250 2404 302 2467 De
324 2405 368 2466 eis
391 2404 523 2485 quidem
545 2407 650 2485 agitur
671 2425 700 2466 v.
727 2406 946 2485 1119-1176.

335 2506 426 2568 Duas
449 2506 512 2567 iam
535 2506 740 2586 potissimum
763 2527 814 2569 res
836 2506 1006 2588 Euripides
1029 2506 1288 2588 Aristophaneus
1316 2507 1374 2568 cri·

251 2609 329 2670 mini
360 2608 415 2669 dat
446 2606 623 2688 Aeschylo:
658 2627 731 2670 cum
762 2609 994 2671 obscuritatem
1030 2617 1063 2671 et
1094 2609 1306 2691 expositionis
1341 2617 1374 2671 et
1465 2597 1467 2602 ⁸

250 2710 437 2773 elocutionis
459 2719 527 2772 tum
550 2710 746 2791 tautologias
765 2704 870 2791 'quam
893 2710 1144 2778 molestissimas.
1188 2711 1372 2793 Utrumque

249 2813 312 2875 iam
344 2812 420 2893 ipsis
451 2811 681 2893 Aristophanis
713 2812 820 2876 verbis
851 2813 956 2875 allatis
987 2811 1262 2894 perlustrabimus.
1317 2812 1370 2874 Ac

249 2915 339 2976 initio
357 2915 487 2994 quidem
496 2906 666 2995 Euripides
682 2917 727 2977 sic
742 2914 886 2997 appellat
896 2914 1094 2996 Aeschylum
1104 2936 1133 2976 v.
1151 2923 1372 2994 1119-11222

377 3016 433 3080 καὶ
454 3013 521 3101 μὴν
543 3011 592 3081 ἐπ’
618 3011 744 3092 αὐτοὺς
765 3014 847 3093 τοὺς
867 3015 1059 3101 προλόγους
1080 3033 1142 3082 σου
1164 3016 1339 3101 τρέψομαι,

379 3108 474 3193 ὅπως
495 3115 537 3183 τὸ
560 3121 701 3202 πρῶτον
723 3121 784 3203 τῆς
805 3117 993 3204 τραγῳδίας
1013 3119 1113 3203 μέρος

380 3217 577 3305 πρώτιστον
600 3215 708 3286 αὐτοῦ
729 3224 879 3300 βασανιῶ
903 3223 967 3286 τοῦ
989 3220 1109 3299 δεξιοῦ.

379 3317 509 3408 ἀσαφὴς
530 3321 593 3408 γὰρ
615 3313 658 3408 ἦν
680 3321 716 3388 ἐν
738 3327 780 3407 τῇ
802 3320 921 3408 φράσει
943 3322 1015 3387 τῶν
1038 3318 1253 3407 πραγμάτων.

335 3425 459 3488 Versus
487 3443 566 3488 1122
589 3446 721 3507 prorsus
745 3447 788 3490 ex
810 3427 979 3507 Hartungii
1002 3427 1160 3489 sententia
1187 3434 1236 3489 est
1259 3427 1372 3515 dictus,

249 3527 302 3608 qui
329 3527 435 3609 Eurip.
466 3537 539 3590 rest.
567 3545 579 3589 1
605 3548 635 3609 p.
661 3541 720 3609 523
752 3529 941 3610 Euripidem
973 3529 1254 3610 Aristophaneum
1285 3536 1372 3589 recte

246 3631 405 3710 castigare
426 3628 577 3710 Aeschyli
600 3630 754 3711 prologos
777 3639 896 3708 censet,
919 3649 1023 3710 neque
1045 3650 1123 3693 vero
1152 3650 1223 3692 eam
1246 3637 1373 3692 senten·

249 3731 327 3794 tiam
350 3731 510 3813 exemplis
533 3732 600 3794 eius
623 3732 828 3795 obscuritatis
851 3753 894 3794 ex
917 3730 1067 3812 Aeschyli
1095 3731 1239 3813 prologis
1266 3730 1371 3793 allatis

248 3831 440 3895 firmandam
464 3854 535 3896 esse
557 3836 699 3914 putavit,
730 3855 804 3897 nam
833 3834 942 3896 statim
969 3832 1013 3895 ibi
1036 3835 1078 3895 ad
1101 3832 1237 3896 alteram
1265 3852 1371 3913 repre-

247 3935 436 3998 hensionem
459 3935 580 3998 transit.

332 4034 397 4097 Alii
419 4045 528 4098 autem
551 4036 634 4099 adeo
655 4057 728 4100 eum
751 4055 881 4100 versum
905 4056 970 4098 non
984 4036 1214 4118 probaverunt,
1237 4043 1272 4098 ut
1295 4055 1369 4098 eum

248 4136 345 4200 deleri
365 4138 520 4202 iusserint.
543 4137 786 4201 AcMeinekius
803 4139 944 4219 quidem,
970 4140 1019 4200 cui
1034 4138 1207 4201 assentitur
1217 4135 1371 4211 KoclriuS,
