3118 5040
719 543 932 604 „44-

393 697 470 760 Man
488 697 616 760 kommt
633 717 671 759 zu
687 695 835 770 schauen,
853 715 928 758 man
947 694 1081 758 willam
1101 695 1238 758 liebsten
1255 696 1362 760 sehen.
1391 753 1394 756 .

393 798 486 860 Wird
508 798 604 861 vieles
626 818 687 861 vor
708 799 772 862 den
794 817 899 878 augen
922 796 1162 879 abgesponnen‚

394 921 431 962 so
455 901 531 963 dasz
554 902 606 963 die
628 884 746 982 menge
768 900 925 963 staunend
947 898 1055 980 gaffen
1077 898 1172 975 kann,

395 1004 438 1064 da
459 1001 539 1066 habt
561 1005 588 1065 ir
608 1005 641 1067 in
663 1005 715 1067 die
737 1003 840 1067 breite
862 1001 965 1083 gleich
986 1023 1176 1084 gewonnen,

393 1105 419 1166 ir
440 1105 510 1168 seid
532 1105 581 1168 ein
603 1104 826 1186 vielgeliebter
848 1125 952 1168 mann.
1389 1161 1391 1164 .

350 1204 416 1268 Sed
447 1205 528 1269 haec
560 1204 723 1272 hactenus.
773 1207 950 1270 Videamus
983 1209 1064 1280 iarn,
1105 1207 1181 1287 quid
1213 1204 1385 1268 contulerit

266 1307 451 1389 Aeschylus
474 1329 517 1370 ex
539 1307 768 1391 Aristophanis
790 1311 947 1374 sententia
969 1309 1012 1372 ad
1034 1310 1119 1372 cives
1142 1309 1335 1373 educandos.

741 1864 846 1947 Caput
868 1853 909 1929 V.

316 2021 335 2084 l.
355 2031 378 2082 7.
413 2022 454 2070 De
472 2022 497 2070 vi
515 2028 540 2070 et
558 2020 647 2070 effectu
665 2020 787 2084 Aeschyli
806 2020 946 2068 fabularum
964 2021 1017 2068 sive
1035 2021 1067 2069 de
1086 2020 1214 2083 Aeschylo
1232 2019 1325 2068 civium

678 2119 778 2152 suorum
797 2112 968 2169 praeceptore.

349 2223 454 2286 Multo
480 2224 596 2286 arctius
627 2242 724 2302 quam
754 2223 840 2303 apud
870 2220 967 2283 alium
995 2219 1093 2284 ullum
1119 2220 1276 2303 populum
1297 2221 1386 2302 apud

263 2325 480 2389 Athenienses
510 2344 560 2386 ars
591 2333 624 2386 et
657 2324 722 2386 vita
754 2326 835 2420 inter
864 2344 900 2386 se
931 2333 1021 2386 erant
1051 2343 1205 2386 conexae.
1269 2322 1385 2404 Longe

263 2428 436 2510 plurimum
457 2428 552 2508 igitur
580 2435 699 2508 poetae
725 2426 874 2490 valebant
901 2428 942 2488 ad
965 2429 1010 2489 rei
1031 2427 1180 2508 publicae
1202 2426 1384 2506 augendam

262 2529 314 2594 vel
335 2530 586 2593 imminuendam
608 2528 754 2591 salutem.
793 2528 866 2610 Qua
888 2549 922 2592 re
944 2529 1125 2610 Euripides,
1148 2529 1236 2591 cuius
1258 2527 1384 2592 fabulae

262 2634 308 2696 rei
329 2631 476 2714 publicae
502 2631 700 2712 perniciosae
731 2631 827 2693 etiam
854 2638 930 2712 post
956 2632 1094 2693 auctoris
1119 2639 1259 2693 mortem
1286 2650 1384 2710 quam

263 2734 405 2796 maxime
440 2731 599 2794 florebant
633 2753 753 2813 neque,
794 2734 882 2813 quod
919 2731 999 2794 lalso
1031 2731 1269 2814 Aristophanes
1300 2732 1381 2794 Ran.

261 2857 291 2898 v.
320 2836 383 2914 869
414 2842 537 2907 censet,
570 2853 644 2895 cum
676 2843 775 2915 poeta
799 2834 980 2915 perierunt,
1011 2835 1109 2897 etiam
1142 2842 1286 2895 mortuus
1317 2833 1384 2894 irri-

262 2935 355 2997 detur
373 2936 403 2996 in
422 2934 521 2997 Ranis
543 2933 758 3014 acerbissime,
781 2936 913 2997 summis
935 2937 1056 3016 passim
1080 2934 1209 2999 effertur
1235 2932 1382 2996 laudibus

261 3034 448 3117 Aeschylus
481 3045 516 3098 ut
549 3035 740 3117 reipublicae
774 3045 990 3099 conservator.
1042 3036 1140 3119 Quod
1178 3056 1244 3117 quo
1281 3036 1382 3098 modo

261 3139 430 3202 instituerit
451 3139 602 3212 comicus
625 3140 692 3201 eius
716 3141 813 3221 ipsius
835 3140 899 3201 iam
922 3140 1089 3202 videamus
1111 3138 1227 3201 verbis

346 3239 399 3303 Ac
420 3242 560 3321 primum
583 3241 714 3320 quidem
738 3242 768 3302 in
786 3240 969 3302 universum
988 3240 1126 3321 loquitur
1143 3238 1381 3320 Aristophanes

260 3344 302 3405 de
331 3351 501 3423 poetarum
533 3340 642 3403 officio
664 3351 697 3405 et
728 3342 917 3405 condicione
948 3341 1026 3403 locis
1054 3343 1164 3418 tribuS,
1191 3340 1380 3422 quibuscum

260 3444 439 3524 comparari
469 3451 606 3524 possunt
635 3442 775 3506 Acham.
807 3463 836 3506 v,
867 3443 1045 3521 626-664,
1084 3444 1138 3506 ubi
1169 3445 1201 3505 in
1230 3442 1380 3524 parabasi

259 3547 329 3628 ipse
352 3547 394 3607 de
416 3565 474 3608 sua
496 3547 586 3626 poesi
610 3545 708 3607 verba
726 3543 801 3607 lacit
823 3544 1071 3627 Aristophanes.

347 3648 494 3730 Quorum
524 3647 667 3710 locorum
700 3649 805 3728 primo
829 3647 999 3729 Euripides
1029 3648 1071 3711 ad
1097 3645 1254 3727 Aeschyli
1284 3647 1378 3709 inter-

259 3751 461 3830 rogationem
485 3770 513 3810 v.
541 3751 634 3812 1008:

344 3842 524 3933 ἀπόκριναί
532 3872 596 3932 μοι,
606 3849 699 3925 τίνος
709 3841 834 3914 οὕνεκα
840 3851 902 3936 χρὴ
912 3847 1099 3935 θαυμάζειν
1109 3843 1378 3934 ἄνδραποιητήνς

259 3951 338 4014 haec
361 3951 535 4031 respondet
557 3972 586 4012 v.
615 3966 694 4030 1009
716 3971 757 4015 s:

343 4047 537 4136 δεξιότητος
558 4051 614 4116 καὶ
636 4052 825 4130 νουθεσίας,
849 4043 904 4117 ὅτι
926 4053 1079 4132 βελτίους
1099 4075 1137 4117 τε
1159 4054 1324 4134 ποιοῦμεν

343 4151 424 4226 τοὺς
447 4147 651 4237 ἀνθρώπους
673 4153 709 4219 ἐν
731 4164 805 4229 ταῖς
826 4150 974 4219 πόλεσιν.
