3118 5040
619 481 830 552 ..35-

153 637 352 727 εύφαμεῑτε·
369 633 605 726 μελισσονόμοι
621 633 728 722 δόμον
739 631 929 726 Ἀρτέμιδος
945 639 1047 715 πέλας
1064 639 1178 726 οἴγειν.
1203 657 1284 724 1274

247 741 281 826 h>
303 740 413 808 κόπον
435 745 505 806 κτλ.

153 841 278 928 κύριός
301 843 365 928 είμι
387 849 510 927 θροεῖν
535 832 631 907 ὅδιον
652 836 777 924 κράτος
800 839 911 905 αίσιον
933 835 1079 922 ἀνδρῶν.
1204 847 1284 925 1276

248 945 282 1030 ἰὴ
305 943 416 1011 κόπον
438 947 509 1008 κτλ.

247 1048 371 1111 Verum
402 1045 537 1108 alteram
564 1062 692 1124 quoque
720 1063 738 1106 e
767 1042 988 1106 citharoedicis
1020 1045 1125 1107 modis
1153 1047 1280 1109 concin-

156 1157 273 1210 natam
304 1147 438 1229 apponit
469 1145 639 1225 Euripides
668 1145 863 1206 canticorum
892 1145 1103 1209 imitationem
1136 1145 1218 1211 hanc
1252 1170 1282 1215 V.

162 1251 394 1329 1285—1295:
1133 1267 1135 1272 ¹

293 1341 387 1425 ύποος
406 1344 545 1431 Ἀχαιῶν
568 1348 735 1429 δίθρονον
756 1342 891 1428 κράτος,
910 1343 1067 1424 Ἑλλάδος
1088 1340 1171 1434 ἥβας

368 1445 633 1532 φλαττοθράττο
656 1443 886 1533 φλαττοθράτ

291 1555 433 1638 Σφίγγα,
457 1552 662 1636 δυσαμεριᾶν
683 1546 851 1633 πρύτανιν
873 1544 969 1628 κύνα,
990 1550 1112 1636 πέμπει

370 1649 636 1738 φλαττοθράττο
659 1647 883 1734 φλαττοθρατ

293 1755 359 1822 σύν
381 1757 456 1840 δορὶ
478 1756 534 1821 καὶ
557 1756 628 1838 χερὶ
650 1750 816 1836 πράκτορι
838 1747 981 1837 θούριος
1004 1747 1098 1837 ὅρνις

372 1853 638 1942 plantmerleta
661 1852 885 1938 φλαττοθράτ
1208 1874 1289 1938 1290

294 1972 411 2045 κυρεῖν
432 1957 613 2045 παρασχῶν
635 1955 768 2042 ἰταμαῖς
789 1957 886 2021 κυσὶν
909 1951 1124 2041 ἀεροφοίτοις

373 2057 639 2148 φλαττοθράττο
661 2054 883 2144 φλαττοθράτ

299 2163 339 2230 τὸ
363 2164 535 2249 συγκλινές
553 2157 608 2228 ἐπ’
628 2161 752 2231 Αίαντι

255 2325 259 2329 .
375 2261 639 2348 φλαττοθράττο
662 2259 892 2346 φλαττοθράτ.

258 2367 447 2448 Priusquam
470 2368 512 2430 de
533 2363 583 2428 his
605 2365 766 2447 Euripidis
788 2363 1021 2452 Aristophanei
1043 2365 1189 2428 versibus
1216 2366 1295 2428 iudi·

161 2489 246 2532 care
267 2469 454 2550 poterimus,
475 2468 650 2531 videndum
674 2475 730 2543 est,
753 2467 839 2532 unde
862 2469 903 2530 sit
925 2468 1137 2550 depromptus
1161 2476 1194 2530 et
1216 2488 1294 2548 quo-

165 2573 274 2636 modo
305 2571 505 2652 compositus
538 2569 589 2632 hic
617 2569 825 2651 perturbatus
851 2577 884 2634 et
909 2570 1119 2654 indispositus
1145 2590 1295 2632 versuum
1422 2590 1424 2594 ’

162 2693 317 2736 acervus.
379 2672 503 2735 Versus
540 2672 672 2752 quidem
713 2673 794 2748 1264
824 2690 849 2732 s.
882 2664 1013 2736 Φθιῶτ’
1043 2665 1193 2754 Ἀχιλλεῦ
1223 2674 1294 2735 κτλ.

162 2774 349 2838 scholiasta
371 2809 412 2819 —
435 2773 474 2837 cs.
498 2772 598 2836 schol.
622 2775 653 2834 in
676 2771 734 2839 At.
762 2773 842 2836 Ran.
875 2787 952 2852 1295
983 2775 1034 2836 ed.
1061 2773 1158 2837 Dind.
1187 2795 1294 2835 -ex

167 2875 334 2956 Aeschyli
361 2874 467 2938 sabula
493 2873 625 2938 fluxisse
653 2875 762 2949 docet,
795 2893 877 2954 quae
904 2874 1136 2938 inscribebatur
1161 2874 1294 2957 Myrmi-

167 2979 290 3053 dones
322 2987 355 3041 et
386 2976 466 3040 haec
488 2977 593 3040 addit:
625 2976 787 3061 προφέρει
810 2976 866 3040 καλ
885 2971 1070 3062 Εὐριπίδης
1092 2977 1139 3056 εἰς
1165 2978 1295 3063 γέλιοτα

164 3073 259 3147 ἄλλα
282 3078 317 3160 έξ
338 3074 451 3146 ἄλλων
475 3075 656 3164 δραμάτων
679 3073 884 3162 συναγαγῶν·
908 3077 961 3143 διδ
985 3080 1041 3143 καὶ
1065 3074 1193 3165 ἀσαφῆ,
1213 3081 1296 3164 μίαν

165 3179 342 3266 ἁρμονίαν
364 3178 427 3248 οίκ
449 3179 577 3265 έχοντα.
602 3175 666 3245 οὐκ
690 3173 754 3264 άρα
776 3177 818 3244 τά
845 3179 889 3266 μὴ
917 3179 1038 3260 ξυνετά
1065 3181 1232 3267 ζητητέον.
1254 3219 1297 3230 —-

170 3284 305 3347 Deinde
327 3286 369 3347 ad
391 3306 420 3347 v.
442 3283 523 3346 1266
546 3285 640 3364 (1297
666 3284 716 3346 ed.
735 3282 844 3363 Dind)
863 3281 1036 3346 scholiasta
1053 3284 1133 3348 haec
1150 3284 1295 3347 adnotat:

161 3385 295 3472 Ἑρμᾶν
315 3387 379 3472 μέν
400 3384 585 3471 πρόγονονι
605 3380 659 3450 Ἐκ
682 3388 753 3449 τῶν
774 3382 943 3467 Αἰσχύλου
970 3389 1192 3471 Ψυχαγοογῶν.
1215 3410 1296 3472 προ-

169 3489 316 3572 φέρεται
338 3489 376 3555 δὲ
399 3484 462 3554 οὐκ
483 3489 601 3572 ἐφεξῆς
623 3483 665 3551 τά
688 3480 773 3552 αὐτά
791 3487 870 3573 μέλη
887 3482 1003 3567 αὐτοῦ,
1026 3483 1095 3553 ἀλλ’
1116 3483 1163 3563 ῶς
1180 3485 1298 3571 έτυχεν

169 3584 259 3656 ἄλλο
290 3584 453 3669 άλλυθεν,
482 3587 538 3654 καὶ
559 3588 702 3673 ἐπιλέγει
729 3586 769 3653 τδ
802 3585 963 3676 ίήκοπυν,
999 3589 1125 3672 κυρίως
1159 3588 1298 3654 ἐκείνων

170 3697 248 3758 τῶν
271 3694 394 3775 στίχων
417 3687 466 3768 δν,
489 3694 562 3770 τοῦ,
587 3684 718 3756 Φθιῶτ’
740 3684 897 3772 Ἀχιλλεῦ.
915 3691 1055 3752 -Tum
1074 3690 1196 3753 Versus
1219 3706 1298 3770 1270

170 3788 306 3858 κύδιστ’
341 3788 481 3877 Ἀχαιῶν
515 3794 584 3856 κτλ.
621 3790 812 3854 Timachida
847 3794 950 3854 iudice
986 3827 1025 3836 —
1059 3790 1097 3853 cl.
1125 3791 1223 3854 schol.
1257 3794 1297 3853 ad

179 3909 264 3976 1270
286 3896 391 3976 (1301)
417 3932 455 3942 -
476 3917 520 3958 ex
533 3893 691 3974 Aeschyli
710 3893 854 3974 Telepho
874 3893 976 3956 fluxit.
993 3929 1034 3938 —
1049 3927 1090 3938 -
1108 3928 1151 3938 —
1166 3892 1298 3973 Optime

173 4005 288 4060 autem
311 4005 429 4077 quanta
452 3997 564 4060 comici
588 3997 628 4057 sit
650 3995 779 4058 licentia
800 3995 937 4076 perspici
965 4003 1075 4075 potest
1101 3997 1132 4056 in
1153 3994 1298 4057 versibus

173 4118 223 4160 ex
256 4097 413 4178 Aeschyli
444 4098 693 4178 Agamemnone
728 4097 929 4177 depromptis
962 4097 1065 4175 (1276.
1097 4097 1186 4175 1285.
1217 4099 1296 4176 1287

1097 4195 1129 4246 3*
