3118 5040
403 643 669 731 ὑψίκρημνον
692 644 725 711 οἳ
747 641 904 730 πόλισμα,

406 743 587 814 Καυκάσου
609 743 726 827 πύλας,
750 748 923 833 νέμονται,
945 751 1015 814 κτλ.

275 876 307 930 et
326 866 543 948 fragmentum
563 887 606 930 ex
623 865 747 930 Glauco
766 868 881 930 Pontio
902 868 1140 949 depromptum,
1166 869 1205 930 28
1229 867 1278 931 ed.
1300 866 1400 929 Dind.

402 989 534 1051 καλοῖσι
554 989 711 1069 λουτροῖς
732 985 971 1070 έκλελουμένος
993 987 1092 1070 δέμας

405 1087 452 1164 εἰς
473 1084 686 1172 ὑψίκρημνον
705 1085 833 1173 Ἱμέραν
856 1083 1033 1173 άψικόμην.

363 1205 462 1289 Quod
493 1215 601 1270 autem
632 1208 747 1270 attinet
778 1208 820 1269 ad
842 1228 871 1268 v.
894 1222 958 1288 930
979 1226 1029 1280 ss,
1059 1225 1140 1287 quos
1171 1208 1271 1269 modo
1300 1207 1404 1284 attuli,

276 1329 374 1390 quam
398 1309 542 1370 maxime
564 1310 712 1390 plausum
736 1328 809 1371 esse
831 1318 911 1389 puto
934 1307 1070 1383 Bacch0,
1093 1309 1145 1389 qui
1168 1329 1204 1371 se
1230 1308 1404 1388 aliquando

276 1419 375 1472 noctu
393 1409 544 1490 vigilasse
562 1410 702 1473 affirmat
720 1419 926 1491 quaerentem
944 1430 1062 1492 secum,
1081 1412 1209 1490 quinam
1228 1419 1314 1473 esset
1331 1411 1400 1472 ales

276 1512 375 1575 flavus
406 1512 455 1574 ille
486 1511 693 1592 Aeschyleus
725 1512 933 1594 equo-gallus.
979 1512 1095 1592 Neque
1127 1514 1211 1574 enim
1243 1511 1403 1592 Aeschyli

277 1621 404 1676 tantum
428 1614 508 1676 mira
538 1613 712 1676 verborum
740 1614 933 1696 compositio
961 1616 1018 1677 sed
1042 1617 1139 1677 etiam
1162 1614 1321 1696 Euripidis
1344 1614 1402 1674 do-

277 1715 380 1778 ctrina
402 1716 579 1797 sophistica
602 1715 651 1777 his
675 1717 822 1778 irridetur
843 1716 997 1792 versibus,
1024 1718 1077 1798 qui
1100 1718 1199 1798 Hipp.
1224 1731 1287 1797 374
1311 1739 1334 1778 s.
1356 1718 1404 1778 sic

278 1819 422 1898 scripsit:
1139 1827 1143 1834 ’

404 1914 468 2004 ἤδη
490 1913 567 1983 ποτ>
589 1912 698 1992 άλλως
720 1917 847 1994 νυκτὸς
865 1918 902 1983 έν
923 1923 1043 2004 μακρῷ
1062 1916 1177 2004 χρόνῳ

405 2023 549 2105 θνητῶν
572 2015 743 2106 έψρόντισ’
769 2011 789 2103 η
813 2019 1018 2104 διέφθαρται
1039 2023 1120 2101 βίος.

362 2140 481 2202 Postea
504 2160 581 2201 vero
605 2139 775 2221 Euripides
798 2139 967 2219 Aeschylo
995 2161 1152 2220 quaenam
1175 2142 1245 2221 ipse
1272 2139 1403 2202 finxerit

278 2241 443 2322 quaerenti
466 2243 640 2322 respondet
662 2240 743 2303 haec
765 2261 794 2302 v.
815 2257 1003 2323 937-941:

343 2353 404 2442 οὐχ
422 2357 672 2444 ἱππαλέκτσρας
688 2357 733 2443 μά
752 2354 813 2439 Δί’,
832 2355 913 2426 οὐδέ
927 2357 1166 2444 τραγελάφους,
1182 2351 1267 2444 άπερ
1290 2356 1340 2437 σύ,

343 2453 386 2526 dv
408 2473 497 2527 τοῖσι
518 2456 818 2545 παραπετάσμασιν
836 2474 909 2538 τοῖς
926 2461 1093 2547 Μηδικοῖς
1110 2457 1304 2548 γράφουσιν·

345 2557 414 2627 ἀλλ’
433 2559 479 2638 ιὺς
496 2562 689 2646 παρέλαβον
706 2561 771 2648 τὴν
789 2564 909 2650 τέχνην
927 2561 1018 2648 παρὰ
1029 2568 1091 2630 σοῦ
1099 2562 1140 2630 τό
1150 2568 1290 2648 πρῶτον
1301 2558 1407 2638 εὐθὺς

345 2663 537 2730 οἰδοῦσαν
566 2660 648 2731 ’ὑπὸ
676 2663 982 2750 κομπασμάτων
1013 2668 1081 2732 καὶ
1111 2664 1306 2752 ῥημάτων

1098 2767 1307 2852 ἐπαχθῶν,
1332 2784 1405 2848 940.

344 2865 462 2950 λσχανα
482 2869 545 2952 μὲν
567 2866 763 2952 πρώτιστον
781 2863 889 2955 αὐτὴν
906 2869 1024 2935 καὶτὸ
1043 2867 1162 2954 βάρος
1177 2864 1319 2952 άφεῑλον
1334 2872 1406 2932 κτλ.

366 2981 564 3071 Κόμπασμα,
585 2988 724 3063 iactatio
743 2989 1017 3070 magniloquentia
1035 2990 1200 3070 aptissime
1210 2999 1260 3052 est
1270 2989 1406 3053 electum

282 3087 477 3153 vocabulum
507 3089 550 3152 ad
581 3092 863 3172 perstringendam
891 3089 1048 3172 Aeschyli
1080 3091 1252 3155 verborum
1279 3092 1408 3171 grandi-

282 3200 392 3257 tatem.
422 3191 514 3273 Quae
536 3192 639 3254 irrisio
661 3194 735 3256 inde
753 3192 898 3256 acerbior
917 3191 961 3268 fit,
984 3194 1072 3272 quod
1088 3213 1127 3256 eo
1150 3194 1222 3274 ipso
1245 3191 1407 3254 vocabulo

283 3290 462 3377 κόμπασμα
481 3295 608 3376 saepius
619 3315 694 3357 usus
704 3302 753 3357 est
763 3293 956 3374 Aeschylus,
974 3294 1013 3359 cl.
1029 3294 1133 3359 Prom.
1148 3295 1205 3374 361
1220 3296 1270 3360 ed.
1282 3292 1408 3356 Herm:

414 3386 452 3470 ὃς
474 3389 581 3459 αὑτὸν
599 3395 751 3480 ἐξέπληξε
775 3399 846 3460 τῶν
868 3392 1052 3480 ὑψηγόρων

413 3493 675 3580 κομπασμάτων.

285 3595 421 3680 Septem
445 3610 518 3678 533:

415 3694 532 3777 αὐτοῖς
553 3700 695 3778 ἐκείνοις
716 3694 866 3779 άνοσίοις
888 3699 1133 3786 κομπάσμασιν.

286 3801 374 3886 Sept·
398 3817 475 3885 775·-
895 3802 897 3806 ’

414 3905 596 3971 πέπτωκεν
614 3900 752 3990 ἀνδρῶν
776 3902 926 3992 ὀβρίμων
947 3903 1179 3991 κομπάσματα.

373 4006 505 4072 Praeter
526 4009 559 4070 id
586 4017 696 4072 autem
724 4008 859 4072 verbum
882 4009 1067 4090 Aeschylus
1098 4008 1195 4073 etiam
1222 4006 1413 4088 saepissime

288 4108 420 4189 scripsit
448 4104 635 4194 κομπάζειν
664 4109 795 4190 gloriari
827 4109 917 4192 Sept.
947 4113 1019 4189 418.
1048 4117 1110 4186 462
1141 4108 1233 4185 alias,
1267 4120 1414 4192 κσμπεῖν
