3118 5040
529 467 806 602 .-ῐ9-

140 711 225 773 equo
247 692 438 754 invehantur
459 708 487 752 ν.
510 691 589 764 821,
625 691 724 752 verba
751 687 979 772 compaginata
1009 711 1038 755 v.
1071 693 1150 769 824,
1182 711 1265 773 quae

139 803 294 874 tanquam
331 791 460 855 tabulae
490 790 684 854 revellantur
716 794 870 873 giganteo
901 793 1011 874 spiritu
1040 813 1068 855 v.
1093 796 1174 874 825,
1196 793 1265 876 pul·

139 915 272 958 monum
294 894 387 956 labor
408 893 562 974 plurimus
585 913 613 954 v.
638 897 709 974 829.

223 997 351 1059 Deinde
372 1017 401 1059 v.
426 998 486 1074 833
511 1015 535 1056 s.
558 995 731 1076 Euripides
755 996 796 1058 de
817 993 986 1076 Aeschylo
1009 995 1089 1059 haec
1110 1005 1231 1061 censet:

268 1093 550 1183 ἀποσεμνυνεῖται
571 1102 721 1180 πρῶτον,
745 1088 831 1179 άπερ
854 1093 1014 1162 ἑκάστοτε
1341 1101 1344 1107 ’

266 1200 303 1266 ἐν
325 1210 399 1275 ταῖς
419 1199 658 1283 τραγῳδίαισιν
681 1195 908 1280 ἐτερατεύετο.

223 1302 453 1382 Praestigiator
476 1303 528 1382 qui
552 1304 583 1364 in
607 1301 721 1364 sabulis
745 1302 893 1381 loquatur
922 1308 1067 1363 monstra
1089 1301 1265 1364 verborum

139 1403 320 1485 appellatur
349 1394 418 1466 hoc¹
442 1404 515 1465 loco
545 1401 740 1482 Aeschylus.
785 1401 882 1484 Quod
910 1411 1021 1465 tamen
1052 1403 1265 1484 opprobrium

138 1507 232 1568 nimis
254 1509 368 1569 durum
392 1526 464 1569 esse
486 1507 614 1569 videtur
631 1503 771 1580 Bacch0,
785 1501 810 1566 ¹a
828 1523 892 1585 quo
911 1525 940 1567 ν.
960 1507 997 1584 83
1004 1518 1038 1583 5.,
1058 1525 1099 1567 ne
1113 1504 1264 1586 loquatur

138 1610 321 1684 immodice,
344 1611 535 1672 admonetur
556 1609 734 1690 Euripides.
780 1606 872 1689 Quae
903 1627 954 1670 res
982 1608 1182 1690 respicienda
1208 1618 1265 1684 est,

138 1719 175 1773 ut
197 1720 286 1774 recte
306 1711 509 1791 intellegatur
531 1709 762 1792 Aristophanis
785 1712 953 1773 sententia

224 1813 392 1896 Euripides
414 1822 521 1876 autern
544 1814 590 1875 sic
612 1814 719 1894 pergit
741 1832 770 1874 v.
795 1813 873 1892 836:

267 1915 378 1999 ἐγῷδα
399 1919 527 1980 τοῦτον
549 1915 605 1979 καὶ
628 1914 820 1997 διέσκεμμαι
842 1909 955 1995 πάλαι,

267 2010 456 2100 ἄνθρωπον
477 2012 687 2100 ἀγριοποιὸν,
711 2010 986 2099 αὐθαδόστομον,

269 2114 381 2202 ἔχοντ’
406 2113 576 2202 ἀχάλινον,
599 2113 752 2200 ἀκρατίς,
777 2112 964 2201 ἀθύρωτον
987 2114 1103 2202 στόμα,

267 2216 523 2306 ἀπεριλάλητον,
547 2216 951 2303 κομποφακελορρήμονα.

225 2323 354 2386 Praeter
381 2323 555 2386 verborum
582 2323 791 2402 gravitatem,
822 2341 920 2401 quam
951 2321 1095 2403 perbene
1125 2321 1267 2382 imitatur

16 2456 17 2490 r
136 2427 170 2488 in
211 2424 275 2486 fine
314 2424 416 2485 verbo
451 2419 860 2509 κομπο-φακελορ-ρήμων
896 2424 914 2488 i.
942 2443 968 2485 e.
996 2419 1139 2502 ‘turgida
1165 2420 1266 2484 verba

17 2543 18 2606 l
137 2526 328 2590 cumulatim
351 2520 495 2588 lundens’
521 2526 773 2607 Aristophanes,
804 2526 957 2606 superbia
983 2543 1114 2605 quoque
1140 2523 1267 2605 praedi-

17 2639 18 2680 ί
135 2637 227 2690 catur
249 2626 416 2708 Aeschyli,
439 2630 493 2708 qui
515 2650 544 2691 v.
570 2631 630 2708 837
655 2623 918 2711 αὐθαδόστομος
940 2625 1128 2708 appellatur.

225 2730 309 2792 Tum
334 2751 361 2792 v.
388 2733 444 2810 851
472 2751 511 2792 ss.
535 2730 730 2811 Aeschylus,
753 2732 807 2810 qui
831 2729 991 2792 invehitur
1013 2731 1045 2791 in
1067 2728 1265 2811 Euripidem,

18 2879 19 2882 ,
135 2855 155 2896 a
178 2831 308 2895 Baccho
330 2832 379 2896 his
402 2833 641 2914 interrumpitur
663 2833 823 2895 versibus:

265 2935 394 3017 ἐπίσχες
417 2922 528 3014 οὗτος,
552 2925 581 2998 oi
603 2929 800 3020 πολυτίμητ’
824 2929 977 3017 Αἰσχύλε.

267 3030 345 3101 ἀπὸ
369 3041 455 3102 τῶν
474 3040 660 3120 χαλαζῶν
683 3031 726 3115 δ’,
749 3027 777 3100 ui
800 3031 918 3121 πονήρ’
943 3030 1121 3120 Εὐριπίδη,

266 3131 370 3223 ἀναγε
393 3137 536 3204 σεαυτὸν
559 3136 728 3216 ἐκποδών,
751 3137 780 3208 εί
803 3139 997 3222 σωφρονεῖς,

19 3295 20 3314 ,
266 3237 322 3304 ίνα
343 3238 387 3326 μὴ
410 3242 617 3324 κεφαλαίῳ
640 3239 704 3306 τὸν
726 3237 904 3325 κρόταφόν
926 3257 988 3305 σου
1009 3235 1157 3327 ῥήματι

19 3388 20 3448 η
135 3345 199 3422 855
266 3339 382 3407 θενεδν
404 3337 458 3407 ὑπ’
485 3337 588 3427 ἀρχῆς
609 3341 702 3426 ἒκχέη
725 3340 789 3407 τὸν
816 3338 976 3427 Τήλεφον.

226 3442 333 3525 Quem
355 3446 464 3507 locum
487 3465 684 3525 quamquam
706 3445 772 3506 iam
802 3465 899 3526 supra
925 3444 1016 3507 attuli
1038 3446 1067 3506 in
1097 3464 1135 3507 ea
1161 3453 1263 3527 parte,

133 3565 222 3626 quae
244 3547 364 3627 scripta
393 3555 443 3609 est
470 3548 512 3608 de
534 3545 692 3626 Aeschyli
715 3546 853 3627 ingenio,
880 3545 931 3608 hic
954 3547 1105 3610 omittere
1127 3567 1261 3627 nequeo,

20 3703 21 3752 y
132 3666 211 3708 cum
235 3647 279 3708 ibi
301 3667 366 3709 non
388 3648 493 3710 solum
517 3648 558 3710 de
576 3646 735 3728 Aeschyli
754 3648 875 3730 impetu
894 3656 1010 3730 agatur
1028 3649 1087 3711 sed
1105 3650 1202 3713 etiam
1221 3650 1262 3711 de

21 3795 22 3802 ,
131 3748 311 3829 grandiore
334 3748 520 3824 elocutione,
543 3768 626 3830 quae
644 3759 848 3831 comparatur
871 3771 944 3812 curn
968 3751 1130 3830 grandine.

224 3848 315 3911 Ante
329 3851 434 3932 ipsum
452 3859 616 3913 certamen
634 3851 750 3913 chorus
766 3853 812 3913 sic
830 3853 959 3914 invocat
974 3851 1084 3914 Musas
1093 3873 1122 3914 v.
1133 3853 1196 3932 879
1205 3873 1259 3914 ss:

268 3947 376 4018 ἔλθετ’
402 3949 610 4038 ἐποψόμεναι
633 3951 776 4038 δύναμιν

268 4051 480 4121 δεινοτάτοιν
503 4050 687 4139 στομάτοιν
708 4056 914 4139 πορίσασθαι

268 4153 397 4243 ῥήματα
418 4159 473 4223 καὶ
495 4150 740 4241 παραπρίσματ’
765 4156 868 4222 ἐπῶν.

1057 4259 1088 4309 2*
