3118 5040
234 642 326 724 Quae
356 641 548 706 exclamatio
580 643 710 707 minime
744 640 821 711 καθ’
855 640 1045 728 ὑπερβολήν
1081 653 1131 708 est
1170 644 1264 718 dicta,

146 764 222 807 nam
244 745 362 806 summi
384 745 523 826 impetus
547 746 643 808 animi
661 747 830 827 Aechylus
852 746 949 809 fuisse
970 747 1108 809 videtur:
1131 745 1264 827 Septem

146 848 302 908 adversus
325 846 457 908 Thebas
481 845 620 929 exempli
642 867 740 910 causa
761 849 787 910 si
815 847 963 928 legimus
990 867 1119 929 semper
1143 847 1175 909 in
1201 856 1264 910 tur·

145 949 222 1011 bine
244 968 281 1010 ac
304 948 442 1011 tumultu
465 952 584 1012 versari
607 949 700 1012 nobis
723 952 876 1013 videmur.

231 1051 367 1133 Nigram
394 1052 467 1114 inde
496 1054 654 1133 pecudem
682 1055 762 1135 petit
783 1053 942 1133 Bacchus,
973 1055 1061 1133 quod
1088 1053 1162 1114 atris
1185 1060 1266 1114 tem·

145 1154 325 1236 pestatibus
349 1155 427 1217 item
449 1175 487 1216 ac
509 1156 577 1217 deis
601 1154 707 1218 inseris
730 1156 976 1237 numinibusque
994 1157 1122 1218 marinis
1144 1155 1263 1235 nigrae,

146 1255 392 1335 tempestatibus
414 1259 534 1320 serenis
564 1256 787 1320 mactabantur
812 1258 938 1322 hostiae
967 1257 1075 1333 albae,
1102 1256 1140 1319 cs.
1163 1257 1264 1338 Verg.

148 1357 231 1420 Aen.
256 1383 285 1438 3,
313 1361 370 1422 118
389 1379 444 1423 ss:

571 1463 704 1524 meritos
727 1461 789 1522 aris
813 1461 966 1524 mactavit
989 1461 1137 1536 honores,

275 1569 401 1624 taurum
423 1562 584 1644 Neptuno,
605 1571 732 1627 taurum
753 1562 820 1636 tibi,
843 1561 975 1643 pulcher
996 1560 1128 1642 Apollo,

277 1664 401 1745 nigram
424 1665 532 1727 Hiemi
552 1667 720 1746 pecudem,
742 1663 901 1746 Zephyris
923 1664 1066 1728 felicibus
1088 1663 1204 1728 albam.

233 1764 316 1830 Cum
336 1787 415 1830 vero
438 1768 537 1830 etiam
558 1777 626 1830 tum
649 1774 764 1848 pergat
781 1766 966 1847 Aeschylus
989 1768 1094 1830 invehi
1116 1769 1147 1830 in
1175 1767 1265 1830 Euri-

146 1868 267 1948 pidem,
289 1868 433 1931 Bacchus
456 1889 529 1931 eum
552 1867 601 1931 his
624 1872 779 1932 admonet
801 1868 907 1931 verbis
929 1891 958 1932 v.
981 1871 1166 1950 851—859:

276 1969 408 2053 ἐπίσχες
430 1959 540 2049 οὗτος,
563 1960 591 2034 ὦ
613 1966 807 2055 πολυτίμητ’
833 1968 983 2053 Αἰσχύλε.

277 2066 345 2137 ἀπὸ
368 2077 441 2137 τῶν
460 2076 614 2155 χαλαζῶν
638 2068 678 2148 δ,
701 2062 730 2136 οδ
751 2067 871 2157 πονήρ’
896 2067 1071 2158 Εὐριπίδη,

276 2166 377 2258 ἄναγε
400 2173 543 2240 σεαυτὸν
564 2172 732 2253 ἐκποδών,
755 2174 783 2239 εί
806 2185 1000 2257 σωφρονεῖς,

276 2272 331 2341 ἵνα
352 2275 395 2364 μὴ
418 2278 587 2360 κεφαλαίῳ
609 2275 672 2342 τὸν
694 2272 869 2363 κρόταφόν
892 2293 953 2341 σου
975 2272 1094 2363 ῥήματι

262 2375 391 2464 ’θενών
412 2375 466 2444 ὑπ’
492 2375 593 2464 ὀργῆς
613 2380 706 2462 ἐκχέῃ
728 2378 792 2445 τὸν
817 2375 979 2465 Τήλεφον
1203 2382 1261 2459 855

277 2481 316 2546 σύ
339 2483 375 2547 δὲ
396 2481 441 2568 μὴ
462 2481 548 2566 πρὸς
570 2477 685 2569 ὀργήν,
708 2477 855 2565 Αἰσχύλ’,
878 2476 962 2546 ἀλλὰ
983 2479 1142 2564 πραόνως

275 2579 386 2668 ἔλεγχ’,
409 2583 549 2668 ἐλέγχου·
572 2584 801 2669 λοιδορεῖσθαι
826 2579 854 2648 δ
867 2578 908 2649 ού
929 2584 1049 2668 πρέπει

276 2679 402 2770 ἄνδρας
423 2684 565 2770 ποιητὰς
587 2678 699 2770 ὥσπερ
721 2682 964 2771 ἀρτοπώλιδας.

275 2785 315 2852 σὺ
338 2783 369 2853 δ>
394 2782 499 2864 εὐθὺς
521 2780 634 2871 ὥσπερ
656 2802 777 2872 πρῖνος
799 2787 1001 2873 ἐμπρησθεὶς
1021 2793 1112 2876 βοᾷς.

234 2889 335 2953 Recte
350 2881 487 2970 ‘quidem
505 2889 665 2970 Aeschyli
687 2893 825 2971 impetus
848 2898 1054 2969 comparatur
1076 2911 1147 2953 cum
1171 2907 1264 2970 gran-

149 2992 230 3066 diue,
252 3012 355 3072 neque
378 3011 456 3053 vero
474 2990 658 3072 Aeschylus
673 2992 817 3073 Euripidi
840 2991 1080 3054 conviciabatur
1096 3001 1261 3071 tamquam

149 3092 261 3154 mulier
283 3113 366 3172 quae
389 3112 505 3175 panem
528 3095 646 3168 vendit,
669 3114 741 3156 cum
764 3115 793 3157 v.
819 3096 880 3172 849
902 3113 926 3154 s
948 3091 1109 3174 Euripidis
1131 3113 1182 3154 ars
1204 3112 1261 3173 po-

149 3195 307 3257 tissimum
328 3198 534 3276 vituperetur.
578 3196 758 3258 Putandum
785 3195 880 3276 igitur
909 3202 957 3258 est
986 3204 1168 3258 extremam
1195 3197 1261 3258 eius

148 3297 374 3360 admonitionis
405 3307 531 3379 partem
563 3298 642 3360 risus
674 3298 825 3360 movendi
861 3317 955 3358 causa
985 3317 1004 3358 a
1035 3299 1160 3360 comico
1192 3318 1262 3361 esse

146 3401 337 3480 appositam.

233 3502 317 3563 Tum
340 3500 526 3583 Aeschylus
549 3521 568 3563 a
590 3500 690 3563 choro
713 3501 759 3562 sic
785 3502 977 3562 admonetur
1005 3522 1035 3564 v.
1056 3515 1261 3582 992-1004:

350 3600 431 3668 τάδε
453 3604 513 3687 μὲν
535 3598 691 3682 λεύσσεις,
713 3597 839 3687 φαίδιμ’
862 3598 1017 3685 Ἀχιλλεῦ·

351 3703 388 3767 σι)
414 3704 449 3768 δὲ
472 3705 513 3780 τί,
535 3705 623 3786 φέρε,
644 3703 730 3787 πρὸς
751 3710 860 3769 ταῦτα
881 3705 998 3784 λέξεις·

348 3801 457 3887 μόνον
478 3797 573 3880 δποος
681 3857 686 3868 .
793 3857 799 3870 .

434 3904 478 3993 μή
502 3902 528 3972 o'
553 3904 571 3974 ὁ
595 3906 703 3992 θυμὸς
726 3902 876 3992 ἁρπάσας

350 4007 447 4084 ἐκτὸς
470 4009 552 4074 οίσει
574 4014 645 4074 τῶν
667 4008 783 4074 ἐλαῶν·

351 4109 445 4176 δεινοί
467 4110 529 4195 γὰρ
552 4109 787 4197 κατηγόρηκεν,
