3118 5040
726 482 914 543 „g-

349 651 508 714 Attamen
542 651 574 712 in
603 650 671 714 aliis
703 649 797 712 rebus
830 658 898 713 erat
930 651 1074 714 diversus
1104 651 1184 714 alter
1214 659 1314 732 poeta
1341 651 1383 714 ab

236 783 242 796 ι
263 751 375 828 altero,
398 771 472 813 nam
495 787 537 796 -
560 752 685 814 omissis
708 772 835 813 morum
863 751 1118 816 dissimilitudine
1145 752 1279 833 aliisque
1302 753 1381 817 eius·

265 855 353 917 modi
377 854 472 917 rebus
494 889 536 910 —-
558 853 743 934 Aeschylus
766 854 875 916 incitat
901 855 943 917 ad
966 853 1099 930 bellum,
1130 874 1243 936 pacem
1271 857 1384 918 suadet

263 956 511 1038 Aristophanes.
555 957 667 1036 ltaque
689 955 951 1018 verisimillimum
974 965 1031 1031 est,
1056 955 1195 1021 futurum
1218 957 1326 1032 luisse,
1349 966 1384 1020 ut

263 1058 457 1138 Aeschylus,
483 1059 508 1119 si
527 1059 649 1120 eisdem
668 1057 781 1138 quibus
800 1057 1033 1140 Aristophanes
1053 1057 1164 1123 luisset
1182 1058 1383 1140 temporibus

263 1158 374 1243 δρᾶμα
390 1155 532 1246 ποιήσας
550 1153 671 1244 Ἄρεως
695 1155 872 1243 perardua,
891 1159 929 1222 cl.
949 1161 1030 1223 Rau.
1053 1176 1149 1237 1021,
1171 1160 1213 1222 ab
1235 1161 1297 1224 hoc
1319 1181 1384 1222 nou

264 1264 367 1325 minus
391 1262 596 1326 inclementer
622 1262 728 1324 irrisus
760 1271 845 1324 esset
871 1282 968 1342 quam
991 1261 1186 1339 Lamachus,
1213 1263 1301 1345 pacis
1327 1264 1383 1326 ad-

264 1366 430 1439 versarius
452 1365 483 1426 in
507 1363 770 1427 Acharneusibus
792 1372 824 1427 et
847 1363 945 1438 Pace,
968 1385 1066 1444 quem
1089 1373 1252 1427 mortuum
1274 1364 1383 1427 laudat

264 1466 500 1548 Aristophanes
523 1476 558 1530 ut
579 1469 682 1529 virum
708 1466 825 1529 sortem
852 1468 1039 1548 patriaeque
1067 1476 1229 1530 amantem
1251 1467 1381 1530 Thesm.

266 1571 335 1647 841.
357 1569 438 1633 Rau.
466 1585 563 1649 1039„

348 1671 430 1734 Item
458 1673 565 1733 a'utem
600 1680 697 1751 atque
726 1671 880 1734 Lamachi
907 1670 1070 1760 Aeschyli
1098 1692 1227 1752 quoque
1259 1671 1383 1733 animus

264 1772 437 1836 bellicosus
461 1772 514 1835 illo
537 1781 684 1854 tempore
711 1772 906 1854 periculosus
934 1793 1005 1835 esse
1033 1774 1139 1849 desiit,
1171 1794 1245 1835 cum
1275 1773 1382 1855 poesis

265 1874 462 1954 Aeschylea‚
486 1882 659 1956 postquam
684 1871 864 1955 Sophocles
887 1883 919 1937 et
941 1875 1112 1956 Euripides
1139 1876 1317 1938 docuerunt
1339 1873 1382 1937 sa-

265 1976 365 2050 bulaS,
388 1976 642 2040 Atheniensibus
664 1977 827 2039 videretur
849 1978 913 2039 iam
936 1997 1039 2058 paene
1062 1977 1218 2041 obsoleta.

351 2079 462 2158 ltaque
485 2077 560 2139 nihil
584 2079 751 2159 impedivit
768 2077 1028 2160 Aristophanem,
1051 2100 1116 2159 quo
1139 2081 1243 2141 minus
1262 2077 1382 2140 civibus

267 2182 331 2243 suis
354 2179 557 2259 Aeschylum
581 2182 670 2260 quasi
693 2180 802 2243 lumen
823 2182 946 2262 patriae
968 2183 1099 2256 amoris,
1126 2182 1249 2244 virtutis
1276 2179 1382 2261 probi-

266 2285 406 2362 tatisque
436 2283 585 2363 autiquae
610 2291 815 2365 proponeret.
864 2282 962 2365 Quod
990 2285 1156 2363 quomodo
1184 2281 1292 2346 lecerit
1318 2283 1381 2344 iam

269 2387 368 2467 ipsius
391 2386 497 2448 verbis
520 2384 623 2447 allatis
646 2385 820 2447 videamus.

352 2487 405 2549 Ac
436 2489 574 2568 primum
609 2487 739 2566 quidem
775 2487 914 2550 comicus
944 2494 1042 2568 poeta
1070 2485 1240 2566 Aeschylo
1271 2486 1386 2548 solium

268 2592 425 2670 tragicum
466 2588 607 2651 tribuens
639 2588 787 2652 Aeacum
826 2589 906 2653 haec
946 2588 1131 2668 loquentem
1167 2587 1259 2668 fingit
1289 2588 1387 2650 verba

270 2693 350 2754 Ran.
443 2719 449 2754 ε

374 2693 523 2868 &alvos
546 2794 574 2872 (i.
599 2813 623 2855 e.
647 2792 779 2873 Aesch.)
803 2787 867 2875 εἶχε
889 2791 952 2859 τὸν
974 2791 1187 2877 τραγῳδικὸν
1208 2788 1341 2878 θρόνον

397 2891 442 2970 ὡς
465 2889 514 2960 u‘lv
537 2891 715 2976 κράτιστος
737 2893 800 2980 τὴν
822 2895 951 2980 τέχνην.

355 2995 422 3059 Suo
455 2998 520 3058 iure
551 2997 646 3076 igitur
676 2995 857 3075 Aeschylus
888 2996 1005 3059 solium
1035 2997 1187 3078 possedit,
1218 2995 1388 3076 Euripides

271 3107 379 3162 autem
402 3121 431 3163 v.
456 3099 519 3178 776
536 3094 696 3182 ἐπαρθεὶς
718 3093 923 3177 ἀντελάβετο
942 3102 1006 3163 τοῦ
1020 3094 1161 3180 θρόνου,
1179 3107 1213 3159 ut
1232 3096 1388 3160 Xanthias

271 3203 446 3282 interroget
477 3222 506 3264 v.
539 3215 600 3280 777
632 3194 717 3266 κούκ
746 3195 921 3279 §duilium
951 3221 993 3262 sc.
1025 3199 1193 3281 lapidibus.
1238 3198 1388 3280 Optimus

272 3313 379 3365 autem
395 3304 529 3382 quisque
545 3304 612 3365 sine
622 3303 684 3365 ulla
694 3302 893 3365 dubitatione
903 3301 1053 3364 thronum
1064 3303 1212 3365 concedit
1220 3299 1389 3380 Aeschylo

271 3425 375 3485 neque
397 3406 564 3486 quisquam
587 3406 645 3467 nisi
667 3406 783 3486 perditi
805 3414 930 3467 tantum
960 3415 993 3467 et
1020 3425 1156 3484 nequam
1179 3404 1326 3466 homines
1348 3438 1390 3448 -

272 3528 301 3572 v.
328 3509 384 3586 781
412 3503 430 3572 ὁ
453 3511 526 3572 τῶν
548 3503 751 3592 πανούργων
773 3505 899 3593 (δῆμος)
921 3544 963 3552 —-
985 3506 1187 3587 Aeschylum
1209 3526 1282 3568 cum
1300 3504 1390 3566 Euri-

274 3610 350 3691 pide
369 3611 410 3672 de
428 3608 503 3672 artis
522 3611 699 3690 principatu
718 3619 838 3672 certare
864 3608 1004 3672 clamore
1030 3609 1157 3672 sublato
1179 3607 1275 3672 iubet.
1311 3607 1390 3667 Boni

275 3720 382 3774 autem
405 3711 626 3792 improborum
649 3709 921 3792 scelestorumque
942 3713 1108 3773 vincuntur
1125 3711 1292 3790 suffragiis,
1315 3728 1389 3770 nam

274 3835 304 3876 v.
327 3816 387 3893 783
413 3807 528 3896 ὀλίγον
549 3811 590 3877 τὸ
611 3809 757 3897 χρηστόν
778 3813 879 3892 ἐστιν,
902 3804 1014 3896 ὥσπερ
1036 3809 1167 3880 ἐνθάδε.

360 3917 438 3979 Inde
464 3914 711 3977 Atheniensium
738 3935 867 3995 quoque
899 3914 996 3996 longe
1027 3917 1169 3978 maxima
1191 3934 1278 3995 pars,
1310 3933 1391 3992 quae

277 4018 370 4079 adest
385 4017 578 4098 spectacul0,
596 4018 627 4079 in
645 4017 866 4097 improborum
886 4017 1021 4080 habetur
1036 4036 1178 4092 numero,
1197 4017 1284 4095 quod
1302 4013 1393 4076 Euri·

276 4121 386 4202 pidem
409 4117 548 4201 praefert
570 4118 747 4198 Aeschylo
