3118 5040
623 471 813 534 ,9,

245 619 374 687 Deinde
389 619 558 696 Xanthiae,
573 624 627 702 qui
645 623 769 701 quaerit
784 643 827 685 ex
842 623 963 698 Aeaco,
982 624 1139 688 soliumne
1153 627 1279 706 petierit

163 722 260 785 etiam
283 721 473 804 Sophocles,
495 723 731 804 respondentur
752 723 831 786 haec
854 745 882 786 v.
905 728 966 805 787
985 746 1039 790 ss:

286 822 333 908 μα’
357 818 407 889 nl’
433 818 496 890 οὐκ
518 824 658 904 ἐκεῖνος,
681 819 749 890 ἀλλ’
774 823 869 892 ἐ’κυσε
890 827 952 910 μὲν
974 824 1151 911 Αἰσχύλον,

289 919 347 993 ὅτε
371 926 412 1012 δὴ
433 928 592 1006 κατῗλθε,
614 922 778 1008 κάνέβαλε
801 927 863 1014 τὴν
886 926 1008 1008 δεξιάν,

286 1025 444 1105 κάκεῖνος
465 1026 683 1115 ὑπεχώρησεν
706 1025 800 1115 αὐτοῦ
822 1035 886 1096 τοῦ
908 1029 1051 1116 θρόνου·
1217 1045 1279 1113 790

291 1127 368 1196 νυνὶ
390 1127 565 1215 δὲ’μελλεν,
588 1129 635 1207 ὡς
656 1129 720 1217 ἔφη
742 1133 971 1219 Κλειδημίδης,

290 1231 428 1318 ἔφεδρος
450 1233 681 1300 καθεδεῖσθαι·
704 1228 769 1298 κᾶν
790 1235 852 1317 μὲν
873 1233 1043 1319 Αἰσχύλος
1064 1239 1180 1320 κρατῇ,

289 1332 374 1414 ἕξειν
397 1333 483 1400 κατὰ
503 1332 628 1420 χώραν·
652 1335 681 1400 εἰ
704 1336 740 1400 δὲ
761 1332 815 1421 μή,
838 1338 915 1422 περὶ
938 1341 999 1424 τῆς
1019 1339 1134 1422 τέχνης

289 1431 513 1522 διαγωνιεῖσθ’
538 1434 661 1519 ἔφασκε
682 1431 769 1520 πρός
790 1434 818 1521 γ’
842 1434 1040 1525 Εὐριπίδην.

247 1538 429 1621 Sophocles
474 1541 569 1621 igitur
623 1539 833 1603 libentissime
880 1543 1093 1623 principatum
1133 1543 1281 1607 concedit

162 1641 340 1722 Aeschylo,
373 1642 515 1723 Euripidi
539 1643 688 1733 denegat,
714 1652 811 1724 atque
837 1646 934 1706 etiam
962 1646 1121 1707 tertiarius
1148 1644 1280 1724 (futurus

161 1745 338 1823 successor)
370 1742 438 1806 vult
458 1746 586 1820 sedere,
613 1755 648 1808 ut
671 1744 841 1826 Aeschylo
871 1755 1021 1828 superato
1047 1748 1117 1828 ipse
1145 1747 1186 1808 de
1212 1754 1281 1808 arte

161 1853 283 1908 certare
321 1846 424 1926 possit
460 1866 534 1907 curn
564 1845 726 1928 Euripide.
781 1845 881 1928 Quod
919 1845 1091 1929 Sophoclis
1131 1847 1280 1909 iudicium

161 1948 278 2009 summi
301 1955 351 2011 est
378 1949 546 2024 momenti,
577 1951 695 2030 quippe
722 1968 799 2028 quo,
831 1949 1015 2029 priusquam
1042 1957 1193 2030 coeptum
1225 1959 1281 2012 est,

162 2057 325 2111 certamen
341 2049 536 2112 diiudicetur.
563 2047 733 2131 Sophoclis
748 2049 898 2112 videlicet
913 2053 1029 2122 summi
1044 2052 1156 2132 tragici
1174 2059 1282 2112 aucto·

162 2151 291 2213 ritatem
315 2170 428 2214 omnes
451 2151 542 2232 sequi
564 2171 696 2214 necesse
718 2160 776 2215 est.
1094 2228 1100 2236 ,

245 2251 385 2315 Difficile
407 2263 514 2315 autem
537 2262 586 2315 est
608 2274 718 2316 creare
740 2255 818 2316 artis
840 2254 991 2329 iudicem,
1020 2275 1092 2317 cum
1115 2275 1155 2316 ne
1176 2253 1281 2316 Athe-

163 2353 289 2417 nienses
308 2355 448 2435 quidem,
465 2355 738 2436 ingeniosissimus
756 2354 807 2418 ille
820 2356 966 2437 populus,
985 2355 1154 2436 Aeschylo
1163 2355 1282 2418 iudices

164 2457 236 2519 iusti
258 2457 321 2518 sint
343 2457 408 2531 visi,
431 2477 471 2520 ac
492 2465 616 2520 tantum
639 2457 766 2532 afuerit,
788 2468 823 2521 ut
845 2479 917 2521 cum
940 2458 989 2520 his
1008 2457 1060 2520 ille
1083 2457 1281 2532 consentiret,

164 2567 199 2621 ut
230 2558 348 2622 multos
384 2562 466 2622 inter
500 2581 556 2622 eos
596 2581 667 2623 esse
701 2569 828 2643 putaret
864 2557 1077 2643 ‘perfossores
1114 2553 1279 2643 parietum'

165 2681 195 2722 v.
218 2662 278 2742 807
303 2682 345 2725 s:

624 2760 762 2839 Αἰακός.

293 2859 372 2931 οὔτε
394 2864 457 2950 γὰρ
477 2861 685 2952 Ἀθηναίοισι
708 2859 869 2945 συνέβαιν’
895 2864 1070 2949 Αἰσχύλος.

623 2969 785 3046 Ξανθίας.

295 3069 443 3147 πολλοὺς
464 3070 545 3148 ἴσως
566 3065 696 3155 ἐνόμιζε
719 3070 800 3146 τοὺς
822 3068 1054 3156 τοιχωρύχους.

251 3175 375 3238 Verum
398 3184 523 3238 ceteros
545 3174 907 3256 praeter·Athenienses
929 3174 1004 3237 nihil
1031 3175 1090 3235 nisi
1111 3181 1284 3254 nugatores

166 3297 237 3340 esse
254 3277 285 3338 in
303 3277 528 3358 dignoscendis
537 3285 705 3357 poetarum
723 3277 864 3358 ingeniis
881 3284 998 3350 censet,
1016 3275 1055 3340 cl.
1066 3274 1169 3337 Aeaci
1183 3275 1282 3338 verba

168 3400 197 3444 v.
221 3381 283 3458 809
305 3399 345 3440 S.:

295 3476 399 3566 λῆρόν
421 3503 458 3544 τε
481 3473 570 3544 τᾶλλ’
594 3477 707 3566 ἡγεῖτο
732 3483 795 3544 τοῦ
818 3483 945 3558 γνῶναι
967 3479 1044 3562 πέρι

296 3579 411 3664 φύσεις
431 3586 592 3666 ποιητῶν.

252 3685 364 3764 ltaque
391 3683 477 3746 solus
505 3683 650 3746 Bacchus
677 3686 759 3766 ipse,
786 3704 930 3746 summus
952 3684 1027 3746 artis
1050 3682 1212 3745 scaenicae
1235 3703 1282 3744 ar-

167 3787 264 3865 biter,
286 3795 380 3868 aptus
399 3796 448 3849 est
466 3788 509 3848 ad
531 3787 775 3849 diiudicandum.
812 3785 903 3867 Quae
921 3785 1008 3848 fictio
1031 3794 1080 3847 est
1098 3784 1285 3860 felicissima,

166 3909 244 3952 nam
266 3889 410 3951 Bacchus
432 3896 652 3970 repraesentat
675 3888 921 3952 Atheniensium
944 3887 1112 3969 populum,
1140 3888 1193 3969 qui
1221 3887 1284 3949 hoc

166 3993 270 4054 modo
294 3990 395 4053 multo
419 3990 540 4054 facilius
561 3992 666 4073 potuit
687 3993 809 4054 irrideri
831 3991 916 4066 ideo,
943 3991 1031 4070 quod
1054 3990 1228 4052 admiratus
1252 3996 1284 4050 et

166 4102 374 4158 consectatus
397 4103 465 4158 erat
487 4094 682 4175 Euripidem.
726 4092 838 4174 Atque
868 4093 963 4156 etiam
991 4093 1032 4154 ad
1055 4091 1211 4171 Aeschyli
1240 4090 1283 4150 in-

1377 4237 1388 4268 ἡ
