3118 5040
625 523 838 584 „41-

298 665 367 737 ἀλλ’
388 668 662 758 ἢΣκαμάνδρο-υς
678 669 698 758 ἢ
713 671 864 760 τάφρους
878 671 898 762 ἢ
912 671 957 740 'a'
976 671 1128 742 ἀσπίδων
1145 674 1293 755 ἐπόντας

297 774 517 858 γρυπαιέτους
532 771 759 859 χαλκηλάτους
776 773 833 842 καὶ
851 773 966 864 ῥήματ’
985 775 1203 864 ἱππόκρημνα
1221 785 1290 845 κτλ.

256 893 341 955 Tum
365 892 480 955 chorus
503 893 706 975 Aeschylum
727 895 773 958 sic
794 895 938 977 appellat
962 919 991 959 v.
1018 913 1099 976 1004
1121 919 1159 961 s:

299 1006 381 1090 ἀλλ’,
399 1001 581 1097 οόπρωτος
599 1009 845 1099 τῶνἙλλήνων
860 1013 1039 1099 πυργώσας
1048 1013 1179 1102 ῥήματα
1188 1017 1292 1103 σεμνὰ

298 1115 353 1178 καὶ
376 1111 544 1202 κοσμήσας
566 1112 727 1198 τραγικόν
749 1119 860 1200 λῆρον,
883 1121 954 1181 κτλ.

256 1233 362 1314 Quem
393 1233 529 1296 alterum
561 1233 668 1297 locum
700 1235 752 1296 hic
782 1235 886 1314 attuli,
918 1236 1007 1316 quod
1034 1235 1193 1317 Aeschyli
1224 1236 1291 1299 bio-

170 1334 312 1415 graphus
336 1345 370 1398 et
392 1334 692 1399 Sommerbrodtius
714 1357 843 1399 versum
860 1351 937 1418 1005
961 1340 1004 1400 ad
1026 1359 1094 1401 rem
1113 1341 1292 1402 scaenicam

171 1439 330 1517 pertinere
361 1447 503 1501 censent.
548 1438 710 1519 Equidem
738 1459 811 1500 cum
839 1439 1051 1520 Bernhardyo
1082 1439 1101 1502 l.
1130 1440 1149 1503 l.
1173 1457 1201 1514 2,
1229 1442 1292 1503 206

170 1538 254 1618 (196)
286 1548 319 1602 et
346 1539 431 1605 Frid.
458 1539 619 1603 Schoellio
643 1573 683 1586 -
712 1539 750 1602 cf.
778 1539 943 1604 Ritschelii
971 1540 1127 1622 Aeschyli
1157 1541 1290 1624 Septem

170 1649 260 1719 p.'41
296 1640 331 1702 fr.
366 1654 421 1722 155
448 1663 565 1704 —eas
597 1643 734 1722 tragicas
757 1661 859 1723 nugas
881 1638 1095 1706 -‘schwall'
1120 1646 1292 1725 -potius

170 1740 278 1804 referri
301 1744 343 1805 ad
366 1745 542 1806 dictionem
565 1764 691 1807 censeo.

254 1844 366 1907 Tertio
394 1845 468 1908 loco
487 1844 693 1927 Aeschylus,
723 1855 898 1927 postquam
926 1845 1232 1928 magniloquentiam
1259 1850 1290 1910 in

169 1949 345 2027 tragoediis
377 1950 441 2010 suis
472 1949 685 2012 necessariam
718 1948 814 2012 fuisse
845 1951 1096 2024 demonstravit,
1136 1950 1217 2013 haec
1248 1951 1291 2012 ait

169 2048 269 2111 verba
291 2071 319 2111 v.
346 2053 427 2114 1060
449 2072 502 2114 ss:
564 2125 566 2128 Ι

296 2163 427 2244 κάλλως
437 2168 527 2246 εἰκός
536 2166 785 2254 τοδςήμιθέους
797 2181 869 2244 τοῖς
878 2166 998 2255 ῥήμασι
1004 2171 1129 2254 μείζοσι
1137 2173 1289 2254 χρῆσθαι·

297 2270 425 2356 καὶγὰρ
438 2285 510 2348 τοῖς
519 2269 663 2355 ἱματίοις
675 2268 770 2355 ἡμῶν
778 2275 928 2356 χρῶνται
936 2269 1024 2336 πολὺ
1041 2271 1290 2354 σεμνοτέροισιν

297 2369 385 2454 ἁμοῦ
407 2378 558 2458 χρηστῶς
579 2372 840 2452 καταδείξαντος
864 2369 1052 2459 διελυμήνω
1071 2369 1120 2437 σό.
1157 2389 1160 2392 “

253 2510 440 2590 Priusquam
464 2510 527 2572 iam
555 2529 592 2571 ea
615 2507 843 2589 Aristophanis
870 2529 1022 2572 recenseo
1050 2509 1178 2587 iudicia,
1210 2527 1289 2568 non·

169 2610 253 2674 nulla
283 2620 427 2674 veterum
460 2611 559 2673 affero
591 2612 632 2673 de
662 2610 822 2691 Aeschyli
853 2632 886 2674 re
918 2612 1064 2673 scaenica
1095 2610 1288 2674 testimonia.

168 2714 220 2776 Ac
251 2714 356 2795 primo
385 2715 516 2794 quidem
541 2715 615 2777 loco
646 2713 723 2776 Vita
754 2712 920 2794 Aeschyli,
959 2751 991 2761 -
1017 2735 1047 2794 p.
1079 2731 1090 2776 1
1118 2715 1167 2778 ed.
1190 2713 1286 2776 Dind.

167 2815 258 2878 Poet.
282 2836 384 2880 scaen.
408 2853 449 2861 —
472 2815 552 2879 haec
574 2816 719 2879 tradidit:
751 2815 828 2891 νέος
855 2815 892 2880 δὲ
917 2809 1042 2901 ήρξατο
1066 2819 1138 2879 των
1160 2837 1287 2899 τραγω-

167 2917 260 2992 διιόν,
277 2913 335 2982 καὶ
348 2914 436 2982 πολὺ
447 2916 528 2993 τοὺς
542 2914 609 3001 πρό
621 2914 744 2982 ἑαυτοῦ
761 2914 904 3002 ὑπερῆρε
923 2913 1010 2982 κατά
1022 2939 1058 2981 τε
1074 2914 1136 2999 τὴν
1153 2918 1288 3001 ποίησιν

166 3020 223 3083 καὶ
259 3018 322 3104 τὴν
358 3015 513 3085 διάθεσιν
554 3024 614 3104 τῆς
648 3023 782 3104 σκηνῆς,
812 3015 877 3104 τήν
913 3042 949 3083 τε
979 3015 1198 3103 λαμπρότητα
1229 3022 1288 3102 τῆς

163 3123 320 3206 χορηγίας
335 3122 390 3186 καὶ
409 3120 471 3206 τὴν
490 3119 611 3208 σκευὴν
633 3125 704 3186 τοόν
727 3117 932 3207 ὑποκριτῶν,
955 3116 1019 3205 τήν
1040 3143 1078 3185 τε
1099 3123 1163 3184 τοῦ
1182 3123 1288 3202 χοροῦ

166 3220 365 3309 σεμνότητα,
388 3220 435 3299 ως
456 3224 512 3288 καὶ
532 3219 772 3310 Ἀριστοφάνης
794 3224 885 3302 (Ran.
911 3239 993 3302 1004
1014 3224 1060 3303 s).

252 3326 375 3388 Ibidem
397 3347 429 3416 p.
448 3343 465 3388 2
489 3347 513 3388 S.
532 3329 582 3389 ed.
604 3327 701 3389 Dind.
719 3326 845 3407 singula
862 3327 904 3388 de
921 3345 1055 3388 scaenae
1074 3325 1286 3387 exornatione

165 3436 263 3508 atque
279 3427 520 3491 dehistrionum
530 3428 640 3492 habitu
651 3427 805 3508 Aeschyli
824 3429 940 3490 merita
955 3427 1034 3490 haec
1049 3435 1282 3490 enumerantur:

163 3530 309 3610 Πριότος
338 3527 507 3612 Αίσχόλος
536 3527 661 3595 πάθεσι
699 3529 957 3614 γεννικωτίροις
993 3526 1055 3613 τὴν
1094 3524 1285 3612 τραγῳδίαν

161 3624 292 3716 ηὔξησε,
322 3630 385 3718 τήν
411 3632 449 3698 δε
476 3630 602 3719 σκηνὴν
629 3628 788 3716 ἐκόσμησε
815 3631 871 3696 καὶ
899 3629 962 3717 τήν
990 3625 1072 3714 ὄψιν
1102 3635 1173 3694 των
1195 3635 1284 3695 θεω-

162 3731 278 3815 μένων
308 3734 490 3819 κατέπληξε
522 3739 562 3818 τῇ
592 3729 820 3818 λαμπρότητι,
855 3745 996 3815 γραφαῖς
1027 3733 1083 3796 καὶ
1113 3743 1283 3816 μηχαναῖς,

162 3836 291 3916 βωμοῖς
308 3858 344 3900 τε
360 3836 416 3900 καὶ
434 3831 564 3917 τάφοις,
582 3832 764 3920 σάλπιγξιν,
787 3830 948 3912 εἰδώλοις,
968 3829 1121 3916 Ἐρινύσι,
1142 3828 1225 3907 τοός
1246 3854 1283 3895 τε

162 3932 351 4020 ὑποκριτὰς
372 3949 490 4022 χειρῖσι
513 3936 678 4012 σκεπάσας
695 3934 752 4002 καὶ
772 3941 824 4020 τῷ
843 3932 984 4021 σόρματι
1001 3929 1195 4018 ίξογκιόσας,
1217 3934 1282 4017 μεί-

161 4038 235 4120 ζοσί
257 4058 293 4103 τε
317 4050 389 4116 τοῖς
410 4036 594 4122 κοθόρνοις
615 4040 825 4123 μετεωρίσας.

249 4140 376 4205 Deinde
406 4141 615 4204 Dioscorides
648 4141 684 4222 (c.
719 4156 782 4203 200
812 4159 839 4202 a.
872 4138 964 4217 Chn),
995 4139 1048 4220 qui
1079 4137 1283 4218 tragoediam
