3118 5040
725 567 937 628 ψ..

267 715 438 798 Thespidis
458 737 529 780 esse
551 717 770 782 inventionem
792 728 910 793 censet,
933 719 1013 781 haec
1036 718 1171 799 scripsit,
1195 717 1232 780 ci.
1257 716 1393 779 Anthol.

268 817 322 881 Gr.
346 839 389 881 ex
412 841 473 886 rec.
495 819 645 883 Brunckii
668 821 860 902 (1772-76)
879 822 929 887 ed.
947 821 999 886 Fr.
1012 821 1138 902 jacobs
1158 821 1392 901 (1794-1814)

272 936 298 1000 1,
320 942 350 1002 p.
374 925 444 1000 248.
468 923 509 985 Α.
535 922 588 986 Gr.
611 925 653 985 ad
676 921 730 986 fid.
752 922 885 987 Palatini
912 941 937 999 1,
959 925 1022 1001 428
1046 925 1087 1003 (7,
1110 923 1199 1002 411):

356 1074 522 1150 Θέσπιδος
544 1067 666 1160 εὕρεμα
688 1078 805 1154 τοῦτο,
828 1073 871 1141 τὰ
895 1069 923 1140 0⁹
933 1070 1124 1160 ἀγροιώτην
1146 1068 1198 1140 ἀν’
1222 1065 1307 1158 ὓλην

395 1178 533 1261 παίγνια
554 1177 610 1241 καὶ
632 1173 764 1262 κώμους
785 1173 906 1254 τούςδε
929 1179 1157 1262 τελειοτέρους

263 1285 264 1289 ’
355 1276 522 1362 Αἰσχύλος
544 1275 726 1360 ἓξύψοοσὲν,
750 1277 768 1345 ὁ
791 1277 836 1366 μὴ
859 1279 1017 1365 opticus&
1037 1276 1183 1364 χαράξας

397 1378 583 1466 γράμματα,
606 1378 777 1467 χειμάρρῳ
801 1376 893 1448 δὀῖα
914 1379 1160 1467 καταρδόμενα,

356 1478 413 1546 καὶ
435 1479 478 1547 τὰ
496 1480 582 1547 κατὰ
606 1480 732 1567 σκηνὴν
754 1486 991 1568 μετεκαὶνιοεν.
1011 1473 1040 1547 ὦ
1063 1480 1170 1569 στόμα
1191 1477 1332 1547 πάντων

397 1580 520 1662 δεξιόν,
544 1579 692 1668 ἀρχαίων
715 1575 814 1670 ἦσθά
828 1608 880 1662 τις
903 1583 1065 1670 ἡμιθέων.

354 1735 439 1799 Tum
462 1738 616 1799 Horatius
639 1737 741 1818 Epist.
768 1739 818 1799 ad.
842 1739 903 1801 Pis
930 1757 959 1804 v.
988 1738 1049 1818 278
1076 1757 1127 1813 ss.,
1153 1746 1327 1819 postquam
1349 1738 1392 1800 de

216 1865 218 1870 ·
267 1836 434 1919 Thespide
456 1838 556 1900 verba
579 1837 668 1917 iecit,
690 1838 771 1902 haec
793 1849 915 1902 narrat:

331 1940 410 2004 Post
432 1939 515 2003 hunc
538 1961 731 2023 personae
752 1939 962 2022 pallaeque
984 1924 1170 2022 repertor
1198 1939 1391 2003 honestae

332 2041 515 2124 Aeschylus
539 2053 571 2106 et
593 2043 729 2106 modicis
752 2042 901 2106 instravit
922 2042 1047 2124 pulpita
1068 2043 1174 2123 tignis

331 2154 363 2207 et
387 2145 495 2208 docuit
517 2166 736 2227 magnumque
758 2146 846 2227 loqui
868 2146 990 2227 nitique
1011 2144 1213 2208 cothurno.

353 2248 501 2328 Denique
532 2247 700 2312 Vitruvius
734 2247 833 2331 praes.
864 2248 917 2312 lib.
950 2262 977 2328 7.
1009 2257 1050 2329 (p.
1086 2261 1146 2328 154
1178 2247 1227 2312 ed.
1256 2245 1390 2320 Rodius‚

266 2348 370 2411 Berol.
403 2350 493 2430 1800)
526 2351 567 2413 de
597 2350 806 2431 Aeschyleae
837 2371 973 2414 scaenae
1003 2351 1134 2431 picturis
1165 2348 1246 2410 haec
1277 2345 1389 2410 refert:

266 2450 409 2512 Primum
425 2449 655 2532 Agatharchus
674 2452 814 2517 Athenis
834 2451 1004 2533 Aeschylo
1027 2452 1165 2514 docente
1187 2449 1391 2531 tragoediam

267 2569 417 2614 scaenam
450 2549 525 2614 fecit
556 2561 589 2616 et
620 2554 661 2616 de
692 2575 730 2616 ea
761 2555 1029 2617 commentarium
1061 2552 1194 2633 reliquit.
1226 2587 1266 2596 —
1298 2550 1392 2612 Plura

266 2651 363 2713 etiam
389 2653 574 2717 testimonia
601 2658 785 2736 composuit
812 2654 1129 2734 Sommerbrodtius,
1160 2651 1213 2715 De
1234 2649 1392 2732 Aeschyli

269 2773 304 2815 re
326 2754 481 2828 scaenica,
504 2754 654 2836 Liegnitii
681 2759 769 2834 1848,
795 2771 842 2838 51.
865 2755 1025 2837 Tanglimi
1052 2757 1141 2835 1858.
1165 2772 1193 2833 4.
1216 2775 1247 2836 p.
1275 2771 1322 2832 14.

358 2853 480 2918 Contra
511 2877 549 2919 ea
576 2855 772 2921 Aristoteles
799 2860 888 2922 Poet.
915 2875 953 2936 4,
979 2867 1151 2940 postquam
1178 2858 1267 2938 quod
1296 2876 1392 2937 supra

271 2960 523 3020 commemoravi
554 2957 757 3039 Aeschylum
788 2960 923 3022 alterum
954 2959 1143 3022 histrionem
1174 2959 1392 3021 introduxisse

269 3060 419 3134 narravit,
450 3059 495 3121 sic
525 3061 645 3142 pergit:
676 3073 767 3144 τρεῖς
797 3060 833 3126 δὲ
860 3062 916 3126 καὶ
939 3061 1190 3146 σκηνογραφίαν
1212 3062 1392 3145 Σοφοκλῆς

268 3164 339 3224 κτλ.
384 3158 580 3224 Aristoteles
602 3163 698 3244 igitur
719 3161 918 3244 Sophoclem
946 3172 1057 3226 censet
1081 3164 1240 3225 invenisse
1261 3181 1392 3224 scaeno-

269 3262 447 3341 graphiam,
469 3263 635 3327 Vitruvius
657 3264 869 3346 Aeschylum
891 3264 1026 3347 -Qua
1048 3266 1079 3326 in
1102 3265 1294 3346 scriptorum
1317 3284 1392 3325 con·

269 3365 460 3428 tradictione
491 3366 550 3428 erit
575 3368 796 3444 iudicandum,
828 3388 881 3431 eas
912 3387 1041 3448 quoque
1069 3366 1227 3448 Aeschyli
1258 3367 1391 3444 fabulas

270 3485 353 3547 quae
374 3476 448 3531 ante
470 3466 667 3551 Sophoclem
698 3472 729 3534 in
757 3491 906 3534 scaenam
937 3470 1001 3533 sint
1031 3471 1220 3551 productae,
1252 3489 1317 3531 non
1348 3470 1393 3530 in·

270 3569 412 3651 diguisse
434 3573 703 3653 scaenographia,
732 3570 931 3653 Sophoclem
964 3580 1072 3634 autern
1103 3559 1393 3652 scaenographiam

270 3673 366 3734 etiarn
385 3675 521 3754 amplius
538 3693 723 3749 exornasse,
741 3682 777 3734 ut
794 3672 874 3735 alter
884 3671 1088 3753 Aeschylum
1104 3673 1185 3736 alter
1193 3671 1393 3754 Sophoclem

270 3773 487 3837 introduxisse
497 3774 784 3857 scaenographiam
799 3776 928 3838 tradere
941 3776 1091 3857 potuerit.
1117 3774 1242 3857 Quibus
1257 3774 1393 3836 aliorum

269 3881 413 3938 veterum
437 3878 628 3958 scriptorum
652 3876 845 3940 testimoniis
864 3875 967 3940 allatis
989 3877 1157 3940 redeamus
1176 3877 1240 3939 iarn
1258 3877 1300 3938 ad
1318 3875 1394 3938 Ari·

268 3976 437 4057 stophanis
459 3979 579 4042 iudicia.

354 4077 408 4142 Ac
436 4083 543 4161 primo
571 4080 701 4160 quidem
732 4101 860 4158 eorum,
891 4102 973 4162 quos
1003 4100 1099 4162 supra
1128 4078 1235 4155 attuli,
1265 4076 1393 4140 Aristo·

268 4179 383 4263 phanis
415 4181 488 4244 loco
516 4183 608 4262 (Rau.
637 4185 700 4264 928
719 4185 755 4264 s)
786 4186 828 4248 de
855 4184 941 4247 miris
968 4184 1073 4264 agitur
1101 4181 1212 4263 figuris
1240 4179 1393 4242 Asiaticis
