3118 5040
622 505 833 568 „23-

165 659 283 722 iactare
305 657 412 724 Prom.
435 675 516 740 949,
534 653 666 741 κόμπος
681 687 722 710 =
737 653 916 742 κόμπασμα
943 657 1048 724 Prom.
1083 675 1171 740 1033.
1198 659 1287 742 Sept

163 775 235 841 407·
256 773 331 839 455·
354 758 420 840 As·
446 773 515 840 599·
1062 781 1066 789 ·

248 861 335 923 Tum
357 863 403 922 sic
425 861 532 942 pergit
554 859 724 941 Euripides
747 881 776 922 v.
799 874 886 940 945.=

292 955 350 1027 εἰτ’
376 956 439 1026 οὐκ
462 957 605 1047 ἐλήρουν
629 953 700 1026 ὅτι
722 955 852 1046 τύχοιμ’
878 957 953 1027 οὐδ’
973 960 1127 1047 ἐμπεσών
1150 960 1287 1044 ἔφυρον.

292 1058 361 1128 ἀλλ’
380 1059 504 1143 οὑξιὼν
521 1058 697 1147 πρώτιστα
713 1063 776 1148 μέν
793 1087 850 1148 μοι
868 1061 909 1129 τὸ
932 1064 1028 1148 γένος
1043 1059 1105 1129 εἶπ’
1124 1058 1166 1132 ἂν
1183 1059 1287 1140 εὐθυς

257 1223 261 1232 .
292 1169 356 1230 τοῦ
379 1161 555 1249 δράματος.

248 1267 421 1348 Vituperat
443 1268 613 1349 Euripides
636 1265 846 1348 Aeschylum,
869 1267 958 1348 quod
981 1276 1102 1331 temere
1125 1267 1286 1348 quaslibet

163 1368 307 1449 garrierit
337 1388 440 1449 nugas
473 1377 505 1430 et
543 1388 752 1449 quaecunque
790 1389 826 1432 se
857 1368 1031 1432 obtulerint
1068 1370 1288 1450 composuerit

163 1491 274 1552 neque,
297 1479 334 1533 ut
355 1471 425 1552 ipse
439 1469 645 1552 (Euripides),
669 1471 777 1533 statim
794 1470 826 1532 in
849 1470 1027 1534 fabularum
1049 1471 1194 1553 prologis
1215 1491 1287 1552 per-

162 1593 315 1635 sonarum
348 1573 544 1636 enarraverit
575 1573 718 1653 origines
757 1581 790 1635 et
820 1581 943 1653 gentes.
1005 1573 1079 1655 Qua
1109 1581 1219 1635 tamen
1252 1593 1286 1635 re

162 1674 399 1757 Aristophanes
426 1675 534 1756 potius
556 1675 744 1757 Euripidem
775 1674 927 1757 obiurgat
957 1695 1053 1756 quarn
1076 1674 1287 1755 Aeschylum,

162 1778 283 1859 quippe
305 1779 359 1859 qui
381 1777 450 1858 ipsa
472 1779 503 1838 in
527 1776 634 1840 sabula
655 1777 779 1852 afferat,
802 1797 1012 1858 quaecunque
1034 1777 1077 1839 ad
1099 1776 1284 1857 intellegen-

164 1881 240 1942 dum
264 1887 339 1942 sunt
360 1879 549 1944 necessaria.

248 1979 370 2044 Contra
392 1980 577 2060 Lessingius
596 1990 707 2043 noster
724 1979 868 2044 defendit
886 1981 1073 2063 Euripidem
1096 2017 1128 2026 —
1152 1977 1191 2042 cf.
1214 1979 1287 2040 dra·

162 2084 341 2163 maturgiae
371 2102 440 2163 cap.
469 2099 512 2162 49
542 2081 618 2163 (oct.
650 2082 695 2148 16.
723 2103 750 2148 a.
782 2082 876 2166 1767)
904 2084 992 2144 initio
1015 2118 1056 2128 —
1078 2083 1141 2143 hoc
1169 2081 1285 2142 modo:

158 2181 267 2248 ‘Denn
291 2205 326 2247 es
348 2185 388 2248 ist
411 2184 498 2264 klar,
526 2186 602 2248 dasz
625 2184 685 2248 alle
700 2186 759 2254 ,die
782 2185 907 2259 stucke,
930 2186 1029 2247 deren
1051 2183 1189 2265 prologe
1212 2184 1285 2245 inen

161 2287 236 2365 (den
258 2285 385 2350 tadlem
408 2285 465 2348 des
487 2285 675 2370 Euripides)
698 2307 735 2348 so
758 2285 819 2348 viel
841 2287 1002 2365 argemisz
1025 2283 1174 2359 machen,
1203 2282 1286 2347 auch

159 2407 223 2450 one
246 2387 335 2450 diese
357 2387 494 2469 prologe
517 2388 736 2451 vollkommen
759 2408 842 2469 ganz
871 2391 936 2450 und
963 2387 1185 2450 vollkommen
1216 2406 1285 2447 ver-

160 2488 320 2552 standlich
337 2485 437 2554 sind'.
449 2527 488 2536 -
505 2489 630 2552 Verum
647 2492 674 2552 si
693 2490 855 2571 Euripidis
875 2489 987 2554 sabulis
1005 2489 1134 2571 prologi
1152 2506 1284 2570 prorsus

160 2600 234 2654 sunt
257 2591 419 2672 superflui,
441 2592 669 2674 vituperandus
693 2601 741 2655 est
762 2592 946 2674 Euripides,
973 2593 1062 2673 quod
1084 2591 1211 2671 scripsit
1234 2609 1284 2650 su-

159 2693 354 2776 pervacanei
372 2695 534 2775 quiddam,
558 2693 738 2756 laudandus
760 2693 952 2776 Aeschylus,
975 2695 1065 2775 quod
1087 2692 1196 2755 omisit
1217 2691 1289 2754 eius

161 2796 252 2858 modi
273 2795 440 2876 prologos.

248 2897 334 2958 Tum
357 2896 540 2978 EuripideS,
567 2899 619 2977 qui
643 2898 796 2973 narravit,
819 2918 927 2960 seres
952 2899 1151 2961 domesticas
1173 2905 1283 2978 protu-

159 2999 290 3062 lisseio
313 3018 471 3090 scaenam,
494 3000 540 3061 sic
561 3001 668 3080 pergit
690 3021 718 3060 v.
742 3000 928 3080 961-9632

697 3095 766 3165 ἀλλ’
792 3095 854 3165 οὐκ
876 3097 1133 3185 ἐκομπολάκουν

168 3251 179 3268 .
252 3196 320 3266 ἀπὸ
344 3204 407 3266 τοῦ
429 3212 568 3286 φρονεῖν
591 3197 799 3282 ἀποσπάσας,
822 3197 896 3267 οὐδ’
922 3201 1123 3287 ἐξέπληττον
1146 3194 1271 3274 αὐτοὺς

247 3300 407 3378 Κύκνους
428 3307 539 3368 ποιοῦν
557 3304 613 3368 καὶ
631 3305 811 3388 Μέμνονας
827 3299 1251 3388 κωδωνοφαλαροπώλους.

248 3404 370 3469 Censet
405 3408 468 3468 hoc
497 3407 570 3469 loco
602 3407 772 3488 Euripides
803 3407 1005 3490 Aeschylum
1037 3405 1283 3490 perterrefacere

159 3508 301 3571 voluisse
322 3508 485 3572 auditores
508 3508 593 3571 cultu
616 3509 790 3572 verborum
817 3510 984 3586 effusiore,
1018 3530 1113 3591 quem
1143 3511 1284 3571 imitatur

159 3612 304 3672 comicus
326 3610 429 3674 verbo
448 3609 878 3697 ‘xmdwvo-uulupd-uoeiot
901 3634 1001 3694 equos
1024 3614 1182 3692 agitantes
1205 3609 1282 3691 pha·

159 3712 234 3774 leris
256 3721 289 3774 et
311 3711 528 3776 tintimrabulis
551 3707 703 3780 ornatos’.
739 3715 853 3798 Neque
869 3735 948 3778 vero
966 3711 1166 3794 stupefacere
1184 3710 1283 3772 voluit

159 3813 347 3895 Aeschylus
357 3813 583 3891 Athenienses,
599 3816 658 3878 sed
673 3817 789 3880 civium
807 3837 938 3880 suorum
948 3815 1035 3879 alere
1054 3823 1087 3878 et
1104 3822 1284 3876 sustentare

158 3917 304 3980 animum
328 3916 527 3980 bellicosum.

244 4017 332 4080 Tum
355 4039 384 4082 v.
410 4035 492 4096 1004
518 4041 541 4084 s.
564 4019 681 4083 chorus
704 4020 906 4102 Aeschylum
929 4021 1117 4084 adhortatur
1146 4020 1188 4080 ad
1216 4037 1284 4079 cer-

158 4129 268 4184 tamen
291 4117 355 4181 hoc
377 4121 493 4182 modo:
