3118 5040
604 534 793 589 Ἴ..

141 679 280 757 quinque
288 676 499 757 potissimum,
515 697 588 740 cum
606 688 720 759 agatur
738 681 887 760 depoeta
903 682 1059 756 scaenico
1078 684 1262 745 secernendi

141 799 209 841 esse
231 777 421 841 videbantur
444 779 514 841 loci.

224 881 347 942 Primus
365 882 423 942 erit
444 878 571 943 fabulae
589 882 741 961 inventio,
760 882 848 962 quod
867 891 991 961 spectat
1009 885 1051 947 ad
1069 886 1262 966 ingenium

140 981 219 1044 alter
237 983 379 1057 oratio,
406 983 501 1060 λέξις,
517 991 585 1045 tum
601 984 744 1064 sequitur
759 985 920 1058 musica,
942 987 1127 1068 μελοποιία,
1147 987 1262 1050 deinde

141 1091 312 1165 apparatus
332 1086 505 1157 scaenicus
525 1081 543 1149 ὁ
563 1087 624 1170 τῆς
643 1078 755 1166 ὅψεως
772 1082 904 1170 κόςμος,
924 1080 1010 1168 ὄψις.
1048 1085 1263 1150 Secernuntur
1318 1140 1320 1146 ,

142 1187 236 1266 igitur
265 1186 380 1246 iudicia
410 1186 452 1248 de
484 1197 600 1266 poetae
632 1187 775 1268 ingenie,
807 1188 997 1263 elocutione,
1025 1189 1140 1251 melica
1162 1189 1263 1270 poesi,

141 1296 295 1369 apparatu
318 1287 476 1352 scaenico.
512 1288 584 1351 Huc
600 1291 754 1372 accedent
770 1291 882 1371 quinto
901 1290 972 1354 loco
992 1292 1129 1354 deviet
1147 1291 1261 1353 effectu

142 1373 379 1470 tragoediarum
401 1390 526 1452 iudicia.
594 1455 596 1462 ,

225 1491 390 1553 Disseram
414 1491 509 1571 igitur
532 1492 695 1573 deinceps:

145 1592 184 1653 A.
206 1593 259 1654 De
267 1591 489 1674 Aristophane
504 1609 706 1656 summorum
717 1596 831 1656 aetatis
847 1615 924 1658 suae
942 1596 1136 1676 tragicorum
1151 1597 1261 1658 iudice.

145 1695 178 1758 B.
206 1693 431 1775 Aristophanis
455 1696 496 1758 de
517 1695 676 1776 Aeschyli
697 1699 789 1777 poesi
811 1697 937 1758 iudicia:

454 1811 457 1816 “
627 1796 732 1880 Caput
753 1799 775 1861 l.

441 1899 492 1962 De
514 1898 670 1979 Aeschyli
692 1901 820 1980 ingenio
843 1900 967 1962 iudicia.

294 2001 322 2080 s.
351 2016 375 2064 1.
399 2001 453 2064 De
472 2004 619 2064 universo
642 2003 780 2082 ingenio,

293 2103 321 2182 3.
345 2118 372 2163 2.
394 2104 446 2165 De
469 2102 649 2166 fabularum
669 2103 911 2184 compositione.

618 2204 724 2286 Caput
747 2205 783 2268 ll.

413 2307 464 2370 De
487 2305 644 2386 Aeschyli
668 2306 847 2368 elocutione
869 2305 991 2368 iudicia.

296 2410 323 2490 S.
346 2432 374 2487 3.
396 2409 449 2471 De
470 2409 616 2472 universa
639 2408 827 2471 elocutione.

296 2513 323 2592 S.
345 2527 375 2587 4.
397 2511 449 2573 De
472 2511 614 2592 prologis
637 2511 846 2592 singulariter.

609 2611 715 2694 Caput
736 2613 787 2676 ΙΙΙ.

294 2716 322 2794 s.
348 2728 373 2794 5.
396 2714 448 2777 De
469 2714 628 2795 Aeschyli
652 2715 765 2777 melica
787 2715 877 2796 poesi
901 2715 1022 2777 iudicia.

611 2815 717 2898 Caput
738 2816 793 2878 lV.

297 2921 325 3000 5.
349 2921 378 2980 6.
401 2919 453 2981 De
476 2918 635 2998 Aeschyli
654 2927 808 2999 apparatu
831 2919 976 2980 scaenico
999 2918 1121 2983 iudicia.

616 3018 721 3100 Caput
743 3019 785 3081 V.

294 3125 322 3204 5.
346 3137 374 3202 7.
396 3123 447 3185 De
474 3121 631 3201 Aeschyli
657 3122 896 3201 tragoediarum
927 3122 956 3181 vi
989 3131 1020 3182 et
1050 3120 1166 3182 effectu
1192 3120 1260 3181 sive

390 3227 432 3286 de
442 3222 613 3304 Aeschylo
632 3225 746 3285 civium
761 3243 891 3284 suorum
910 3230 1117 3302 praeceptore
1135 3221 1260 3286 iudicia.
