3118 5040
612 492 826 559 ..25-

154 666 234 711 vero
262 667 314 710 res
334 645 513 709 diiudicata.
547 647 641 730 Quae
659 667 733 710 cum
750 647 795 709 ita
811 648 884 723 sint,
903 646 1099 729 Aeschylus,
1121 649 1175 729 qui
1192 647 1278 711 haud

154 749 218 812 iarn
241 769 278 812 se
300 747 443 812 defendit
466 750 525 812 sed
548 749 736 830 aggreditur
757 749 990 825 adversarium,
1021 750 1208 831 Euripidem
1232 750 1278 811 di-

155 850 270 914 verbio
292 859 410 913 octavo
433 851 672 932 (1378-1499)
708 851 795 914 ducit
821 852 863 913 ad
893 853 1057 926 trutinam,
1090 860 1125 914 ut
1154 853 1200 914 sic
1228 850 1279 914 ille

154 961 331 1034 superetur.
381 953 479 1036 Quod
507 954 638 1033 quidem
665 953 787 1035 puerile
812 962 875 1024 est,
904 962 1073 1035 poetarum
1105 961 1206 1017 artem
1236 953 1279 1016 ad

155 1054 273 1118 libram
295 1063 461 1135 tamquam
485 1073 615 1118 caseum
634 1059 673 1135 (v.
694 1057 783 1136 1369)
801 1055 917 1131 venire,
935 1056 1004 1134 sed,
1022 1055 1111 1135 quod
1128 1053 1278 1119 Welcke·

155 1178 209 1220 rus
227 1159 259 1220 in
276 1156 464 1239 Aeschylea
486 1157 631 1239 Trilogia
652 1179 684 1239 p.
709 1160 770 1238 526
792 1167 877 1221 recte
900 1158 1140 1234 animadvertit,
1164 1166 1197 1219 ut
1219 1158 1279 1221 alia

154 1259 313 1322 eiusmodi
335 1259 418 1322 levia
440 1260 632 1324 comoediae
658 1261 867 1342 aptissimum.
913 1258 995 1323 Cum
1023 1269 1132 1324 autem
1159 1267 1279 1322 statera

154 1369 190 1423 et
209 1361 357 1441 pondera
379 1360 554 1423 verborum
577 1363 816 1425 controversiae
839 1361 956 1436 iaciant
978 1370 1189 1436 momentum,
1211 1360 1278 1424 fieri

154 1481 220 1524 non
242 1470 365 1542 potest,
396 1463 471 1543 quin
494 1462 651 1544 Aeschyli
681 1463 956 1544 magniloquentia
978 1464 1144 1527 victoriam
1167 1483 1278 1526 conse·

155 1572 272 1644 quatur
294 1583 390 1644 quam
414 1563 633 1627 clarissimam.

241 1666 325 1728 Tum
349 1667 391 1730 ab
407 1664 631 1749 Aristophane
648 1668 906 1750 perstringuntur
923 1665 955 1729 hi
974 1687 1085 1732 versus
1103 1664 1277 1746 Aeschylei

156 1765 291 1848 Septem
313 1785 354 1846 42
378 1787 432 1834 ss:

284 1863 404 1953 άνδρες
425 1868 489 1955 γάρ
512 1868 597 1936 ἑπτὰ
620 1869 757 1956 θούριοι
779 1870 965 1955 λοχαγέται,

283 1977 668 2057 ταυροσφαγοῦντες
690 1971 727 2048 ἐς
748 1969 994 2057 μελάνδετον
1018 1967 1141 2047 σάκος

284 2074 340 2137 καὶ
363 2071 588 2158 θιγγάνοντες
607 2075 698 2158 χερσί
721 2075 880 2158 ταυρείου
902 2071 1023 2155 φόνου,

155 2187 206 2254 45.
283 2169 360 2260 Ἄρη
382 2173 410 2240 τ’
423 2171 530 2243 Ἐνυώ
552 2177 607 2241 καὶ
630 2177 833 2260 φιλαίματον
858 2173 974 2255 Φόβον

284 2273 537 2365 ὡρκωμότησαν
558 2283 628 2344 κτλ.

240 2378 442 2459 Lysistratae
464 2382 549 2444 enim
572 2402 601 2444 v.
630 2381 689 2442 186
712 2377 864 2443 Calonice
883 2379 1090 2460 Lysistraten,
1113 2379 1278 2459 quodnam

155 2476 258 2542 iurent
280 2481 327 2543 ius
349 2483 518 2545 iurandum
541 2481 687 2545 mulieres
709 2482 755 2544 sic
777 2482 966 2562 interrogat:

902 2578 1124 2668 Λυσιστράτη,

283 2679 346 2748 τίν’
372 2675 477 2769 ὅρκον
500 2681 659 2768 ὁρκώσεις
680 2679 762 2752 ποθ’
786 2683 886 2772 ἡμᾶς

606 2785 830 2872 Λυσιστράτη.

991 2880 1122 2962 όντινα;

283 2990 330 3067 είς
348 2985 475 3070 ἀσπίδ’,
499 2983 612 3075 ὥσπερ
634 2985 710 3072 φάο’
736 2990 773 3056 ἐν
794 2987 950 3074 Αἰσχύλῳ
971 2989 1064 3063 ποτέ,

281 3089 565 3178 μηλοσφαγούσας.

628 3195 810 3280 Καλονίκη.

218 3367 220 3371 ι
677 3294 721 3382 μὴ
745 3291 824 3375 σύγ’,
848 3285 876 3359 οδ
900 3290 1122 3378 Λυσιστράτη,

282 3398 329 3475 είς
351 3393 466 3464 ἀσπίδ’
493 3393 617 3482 όμόσης
637 3398 741 3483 μηδὲν
765 3393 896 3483 εἰρήνης
917 3397 1003 3481 πέρι.

239 3503 315 3564 Duo
337 3503 434 3583 igitur
461 3501 512 3564 hic
540 3503 720 3564 obiciuntur
742 3499 926 3581 Aeschylo:
953 3500 1066 3562 miram
1090 3518 1163 3560 eum
1185 3516 1274 3558 usur·

153 3623 249 3684 passe
282 3603 477 3666 locutionem
506 3599 717 3687 ὁρκωμοτεῖν
743 3604 1062 3686 ταυροσφαγοῦντας
1091 3599 1126 3675 ἐς
1156 3595 1273 3683 μελάν·

153 3704 255 3770 δετον
278 3703 380 3781 σάκος
402 3713 435 3768 et
457 3725 585 3787 semper
606 3705 745 3767 Martem
767 3704 889 3768 habere
910 3704 942 3766 in
963 3724 1027 3766 ore.

239 3806 386 3887 Denique
417 3805 575 3886 Aeschyli
614 3807 763 3868 dictionis
798 3807 1004 3887 asperitatem
1035 3799 1273 3883 Aristophanes

153 3907 261 3970 durius
292 3908 340 3970 his
371 3908 564 3989 significavit
595 3907 702 3970 verbis
734 3944 776 3954 -
806 3906 1035 3988 Aristophanis
1066 3905 1125 3985 srg.
1155 3905 1272 3984 sad-z

154 4003 255 4092 Οίμαι
276 4007 339 4094 γάρ
363 4005 472 4074 αὐτὸν
496 4004 639 4074 κόλλοπι

152 4108 307 4176 ἐοικέναι,
