3118 5040
726 497 937 558 ..26..

359 663 406 729 Cs.
441 665 552 746 Etym.
589 665 633 729 M.
664 685 693 729 v.
730 660 905 739 Κδλλοπες
935 684 959 726 s.
991 662 1132 726 Cramer.
1165 663 1290 729 Anecd.
1321 673 1344 731 t.
1371 685 1393 743 4

272 787 304 848 P·
327 781 346 847 7
351 779 377 846 5,
398 784 428 844 4

357 867 448 931 Haec
469 877 543 930 sunt
565 887 774 948 quaecunque
791 867 916 948 repperi
934 866 1164 948 Aristophanis
1180 869 1221 931 de
1235 865 1392 948 Aeschyli

272 968 454 1033 elocutione
483 969 607 1032 iudicia.
660 968 816 1050 Pleraque
851 968 977 1032 veritati
1013 990 1077 1031 non
1107 989 1285 1051 repugnare
1317 970 1394 1034 inde

272 1079 414 1152 apparet,
437 1073 525 1152 quod
549 1079 656 1133 cetera
674 1089 803 1151 quoque
825 1079 972 1132 veterum
990 1071 1173 1134 testimonia
1192 1073 1308 1136 eadem
1326 1070 1394 1136 fere

271 1171 419 1236 referunt.
464 1171 611 1254 Quorum
633 1173 697 1259 iarn
719 1171 851 1234 afferam
873 1171 1032 1261 nonnulla.

359 1275 413 1338 Ac
441 1275 580 1358 primurn
611 1275 742 1355 quidem
779 1275 810 1336 in
840 1274 938 1336 Vita
968 1273 1160 1356 Aeschyli
1192 1311 1233 1320 -
1263 1274 1300 1338 cf.
1323 1275 1393 1339 Rit-

272 1376 382 1440 schelii
404 1375 563 1457 Aeschyli
586 1375 721 1458 Septem
745 1377 795 1440 ed.
817 1375 854 1438 II.
876 1395 906 1456 p.
931 1393 948 1456 3
972 1397 1002 1438 v.
1028 1378 1152 1438 16—20
1171 1377 1319 1440 -haec
1349 1377 1395 1440 le·

271 1488 403 1561 guntur:
426 1477 522 1544 κατὰ,
535 1478 572 1544 δὲ
590 1476 654 1564 τὴν
676 1475 837 1543 σύνθεσιν
854 1480 915 1563 τῆς
932 1474 1099 1564 ποιήσεως
1116 1483 1209 1564 ζηλοῖ
1226 1477 1267 1544 τὸ
1286 1475 1394 1561 ἁδρὸν

272 1577 324 1646 dd
346 1578 489 1666 πλάσμα,
514 1576 789 1665 ὀνοματοποιίαις
811 1603 848 1644 τε
871 1576 927 1644 καί
949 1580 1137 1660 ἐπιθέτοις,
1161 1577 1210 1645 δτι
1234 1581 1269 1646 δὲ
1295 1605 1394 1665 μετα-

272 1693 392 1768 φοραῖς
417 1677 474 1746 καί
500 1687 581 1748 πᾶσι
611 1695 685 1755 τοῖς
715 1680 915 1766 δυναμένοις
946 1675 1049 1765 δγκον
1081 1684 1123 1764 τῇ
1154 1679 1273 1766 φράσει
1303 1705 1395 1764 περι-

271 1790 385 1850 θεῖναι
408 1780 586 1868 χράμενος.
641 1781 739 1864 Quod
765 1784 849 1845 vitae
879 1785 1043 1864 scriptoris
1070 1787 1289 1848 testimonium
1317 1784 1396 1846 Din-

272 1885 376 1949 dorfio
399 1886 503 1948 iudice
525 1906 568 1948 ex
590 1887 715 1966 optimo
738 1893 771 1948 et
793 1885 1014 1966 antiquissimo
1044 1884 1133 1950 sonte
1155 1886 1249 1948 fluxit
1271 1894 1303 1949 et
1325 1908 1397 1950 ver·

270 1987 360 2049 bosis
382 1978 595 2050 recentiorum
618 1987 791 2050 multorum
815 1989 856 2050 de
878 1985 1066 2068 Aeschylea
1087 1990 1178 2065 poesi
1200 1989 1396 2069 scriptorum

274 2089 544 2171 disputationibus
568 2087 811 2152 anteferendum
834 2099 891 2154 est.

356 2191 566 2254 DeindeDio
586 2189 814 2272 Chrysosto
825 2211 904 2253 mus
916 2189 1112 2254 Cocceianus
1130 2193 1161 2254 in
1178 2193 1324 2253 oratione
1336 2190 1396 2254 LII

271 2313 302 2374 p.
326 2294 386 2373 267
411 2294 461 2356 ed.
484 2293 593 2358 Reisk.
619 2292 704 2375 Lips.
736 2295 817 2373 1784
841 2299 882 2374 (p.
907 2294 971 2373 629
993 2314 1036 2356 ex
1062 2314 1124 2358 rec.
1145 2292 1292 2374 Adolphi
1314 2291 1392 2354 Em·

271 2396 367 2477 perii,
397 2395 594 2475 Brunsvigae
626 2395 717 2476 1844)
747 2397 870 2476 optime
901 2395 981 2457 haec
1010 2396 1135 2476 scripsit
1169 2397 1211 2458 de
1241 2393 1393 2474 Aeschyli

163 2517 167 2524 ·
271 2497 466 2560 elocutione:
482 2488 503 2582 ἥ
512 2519 549 2561 τε
564 2499 628 2560 τοῦ
637 2492 806 2580 Αἰσχύλου
820 2493 1095 2581 μεγαλοφροσύνη
1113 2497 1167 2562 καὶ
1185 2495 1226 2562 τὸ
1243 2491 1395 2581 ἀρχαῖον,

270 2596 320 2663 ἔτι
354 2598 392 2664 δὲ
421 2596 462 2664 τδ
493 2592 644 2674 αδθαδες
677 2604 736 2684 τῆς
766 2599 916 2675 διανοίας
946 2601 1002 2663 καὶ
1038 2596 1192 2684 φράσεως
1217 2599 1393 2684 πρέποντα

274 2698 430 2782 ἐφαίνετο
459 2700 628 2788 τραγῳδίᾳ
657 2701 712 2765 καί
744 2711 817 2776 τοῖς
848 2705 1004 2776 παλαιοῖς
1033 2705 1129 2766 ι’·θεσι
1158 2705 1230 2766 τῶν
1258 2697 1393 2786 ἡρώων·

274 2797 374 2867 οὐδὲν
396 2803 715 2887 ἐπιβεβουλευμένον
738 2797 819 2868 οὐδὲ
842 2799 1020 2888 στωμύλον
1044 2799 1124 2869 οὐδὲ
1146 2800 1319 2868 ταπεινόν.

360 2901 530 2985 Sophoclis
552 2925 681 2985 quoque
704 2907 745 2967 de
767 2914 871 2968 semet
892 2907 962 2987 ipso
986 2906 1107 2968 dictum
1125 2903 1176 2966 hic
1194 2904 1393 2968 afferendum

274 3013 331 3080 est,
354 3008 473 3086 quippe
491 3008 581 3086 quod
599 3004 771 3087 Sophoclis
790 3007 831 3068 de
852 3006 1021 3087 Aeschylo
1047 3008 1208 3069 contineat
1233 3006 1394 3070 iudicium.

274 3107 427 3169 Traditur
442 3117 549 3170 autern
568 3110 595 3169 is
613 3107 703 3170 locus
718 3107 1003 3170 aPlutarcho'in
1021 3107 1127 3171 libello
1143 3108 1197 3188 qui
1211 3106 1395 3171 inscribitur

270 3207 360 3290 ‘Quo
392 3210 491 3271 modo
522 3211 592 3290 quis
623 3230 698 3272 suos
727 3211 758 3271 in
789 3211 906 3272 virtute
936 3210 1053 3272 sentiat
1078 3203 1249 3291 prosectus'
1278 3243 1321 3256 -
1351 3208 1391 3274 cf.

274 3311 353 3373 Plut.
374 3311 508 3374 Moralia
530 3314 579 3374 ed.
603 3312 828 3393 Wyttenbach.
872 3312 993 3376 Oxonii
1022 3325 1098 3393 1745
1123 3313 1209 3376 Torn
1231 3313 1253 3376 I.
1275 3333 1305 3394 p.
1329 3327 1392 3392 303

273 3412 387 3474 -hoc
406 3415 518 3477 modo:
530 3404 653 3497 Ὥσπερ
664 3412 737 3498 γὰρ,
756 3410 967 3497 ὁΣοφοκλῆς
984 3411 1083 3499 ἔλεγε,
1101 3412 1172 3478 τὸν
1189 3410 1395 3496 Αἰσχύλου

275 3513 566 3598 διαπεπαιχὼς
597 3507 735 3599 δγκον,
767 3512 839 3580 εἶτα
870 3513 911 3581 τὸ
942 3513 1068 3598 πικρὸν
1097 3516 1153 3580 καὶ
1184 3511 1395 3596 κατάτεχνον

273 3619 334 3702 τῆς
365 3612 473 3682 αὑτοῦ
503 3620 718 3700 κατασκευῆς,
749 3619 868 3699 τρίτον
897 3611 961 3702 ἤδη
990 3616 1032 3683 τὸ
1063 3622 1123 3703 τῆς
1144 3617 1264 3696 λέξεως
1294 3640 1395 3701 μετα-

273 3714 407 3797 βάλλειν
429 3707 525 3800 ἦθος,
548 3709 631 3802 ὅπερ
654 3718 747 3784 ἐστίν
768 3713 988 3805 ἠθικώτατον
1010 3714 1067 3783 καὶ
1088 3718 1272 3798 βέλτιστον.

358 3821 529 3882 Eduardus
560 3820 712 3884 Miillerus
746 3821 777 3882 in
809 3819 966 3882 Veterum
1002 3821 1078 3883 artis
1112 3819 1237 3882 theoria
1267 3839 1297 3900 p.
1330 3835 1392 3900 223

274 3922 346 3983 adn.
376 3939 399 4000 4
429 3921 616 4002 διαπαίζειν
651 3922 752 3985 verbo
794 3920 846 3983 hic
883 3941 947 3983 non
982 3930 1018 3985 ut
1048 3921 1124 3984 alias
1154 3920 1305 3983 irridendi
1335 3941 1396 3982 no-

273 4024 396 4085 tionem
429 4042 500 4085 esse
536 4024 715 4100 contendit,
756 4023 816 4086 sed
856 4023 1040 4104 deponendi
1075 4025 1242 4086 notionem
1271 4021 1393 4085 tribuit.

275 4124 367 4206 Quae
389 4125 518 4205 quidem
541 4126 723 4206 deponendi
751 4127 840 4188 notio
867 4123 919 4188 hic
946 4124 1048 4187 multo
1076 4124 1180 4205 aptior
1208 4133 1271 4198 est,
1303 4135 1396 4187 caret
