3118 5040
704 507 916 572 ..32-

254 679 282 739 2,
301 663 362 741 263
384 683 408 725 s.
430 664 523 744 (249).
560 662 613 724 Ac
631 663 770 743 primum
789 661 919 742 quidem
939 657 1145 741 reprehendit
1164 659 1379 722 elocutionem

259 755 327 829 ‘'xoo
349 763 406 829 καὶ
428 764 627 848 κατέρχομαι
650 761 697 826 his
720 763 826 825 verbis
848 781 876 824 v.
903 773 984 840 1154
1005 780 1059 826 ss:

388 865 439 941 δὶς
460 859 590 931 ταύτὸν
612 862 692 950 ἡμῖν
714 859 808 929 εἶπεν
832 860 850 929 ὁ
874 860 978 943 σοφὸς
1000 858 1176 945 Αἰσχύλος.

730 963 901 1040 Διόνυσος.

378 1072 451 1145 πῶς
473 1068 536 1145 ύίς;

717 1164 915 1253 Εὐριπίδης.

557 1267 676 1336 σκόπει
699 1268 740 1336 τὸ
764 1265 847 1357 ῥῆμ’·
870 1267 932 1347 ero*
961 1269 999 1334 δέ
1021 1285 1073 1334 σοι
1095 1263 1223 1351 φράσω.

380 1364 452 1456 ἥκω
475 1371 538 1456 γὰρ
561 1371 594 1448 ές
615 1375 690 1459 γῆν,
713 1375 802 1456 φησί,
825 1367 882 1436 καὶ
904 1371 1108 1455 κατέρχομαι

378 1467 451 1561 ἥκω
474 1474 511 1540 δὲ
533 1469 665 1540 ταύτόν
688 1475 758 1541 ἐστι
781 1477 832 1557 τῷ
854 1473 1063 1557 κατέρχομαι.

337 1574 445 1657 Quam
462 1578 718 1639 criminationem
741 1574 925 1655 Aeschylus
953 1573 1002 1637 his
1023 1574 1229 1655 potissimum
1252 1571 1376 1654 repellit

250 1676 357 1740 verbis
380 1699 408 1743 v.
436 1677 617 1758 1163-65:

378 1777 493 1844 ἐλθεῖν
515 1779 576 1863 μὲν
599 1776 646 1853 εἰς
667 1780 730 1862 γῆν
752 1771 835 1855 ἔσθ’,
859 1768 930 1860 ὅτῳ
947 1780 1030 1861 μετῇ
1052 1772 1192 1861 πάτρας,

379 1881 482 1963 χωρὶς
503 1877 566 1963 γὰρ
590 1871 691 1962 ἄλλης
713 1882 885 1963 συμφορᾶς
906 1874 1085 1964 ἐλήλυθεν·

378 1978 514 2065 φεύγων
536 1975 569 2044 δ’
583 1975 668 2065 ἀνὴρ
686 1973 759 2065 ἥκει
781 2003 818 2045 τε
840 1981 897 2044 καὶ
919 1980 1125 2064 κατέρχεται.

336 2080 519 2162 Insequenti
542 2102 638 2145 versu
666 2083 746 2144 1166
767 2082 913 2145 Bacchus
935 2079 1139 2162 Aeschylum
1162 2088 1250 2144 recte
1267 2081 1376 2161 dispu-

252 2192 340 2246 tasse
363 2185 408 2245 sic
431 2183 589 2249 affirmat:

382 2273 419 2348 εὖ
442 2283 485 2370 νὴ
507 2282 570 2350 τὸν
589 2280 750 2350 Ἀπόλλω.
776 2286 809 2349 τί
832 2282 871 2349 ού
894 2285 999 2368 λέγεις
1020 2279 1205 2368 Εύριιιίύη,·

338 2383 420 2448 Cum
443 2388 489 2449 ita
510 2387 656 2449 Bacchus
679 2388 732 2468 qui
751 2386 861 2468 populi
884 2395 1104 2468 repraesentat
1126 2406 1245 2449 vocem
1268 2405 1376 2448 assen-

251 2489 349 2550 tiatur
359 2487 536 2568 Aeschylo
558 2508 609 2551 res
626 2497 674 2551 est
693 2490 873 2564 diiudicata,
896 2497 930 2550 ut
946 2488 1052 2551 verbis
1075 2487 1117 2550 nil
1135 2487 1210 2550 addi
1227 2508 1307 2569 opus
1326 2488 1376 2551 sit

339 2587 455 2652 Altera
486 2589 666 2671 tautologia
696 2589 864 2670 Aeschylo
897 2589 1074 2671 opprobrio
1108 2594 1205 2657 datur
1226 2610 1256 2654 v.
1287 2602 1375 2668 1174,

249 2691 304 2752 ubi
327 2690 497 2771 Euripides
520 2692 600 2754 haec
623 2691 777 2772 loquitur:

377 2788 502 2870 κλύειν,
525 2785 675 2868 ἀκοῦσαι,
697 2787 829 2858 ταύτόν
852 2785 894 2856 ὂν
914 2792 1112 2874 σαφέστατα.
1222 2795 1224 2800 ’

337 2893 461 2956 Verum
494 2893 663 2976 Euripides
696 2895 765 2976 ipse
797 2904 831 2958 et
862 2896 977 2957 eadem
1012 2903 1045 2958 et
1074 2892 1241 2955 simillimis
1277 2892 1375 2953 utitur

250 2994 439 3075 tautologiis
462 2993 511 3056 his
534 2995 625 3058 locis:
648 2997 770 3060 Phoen.
793 3013 865 3076 919,
888 2997 941 3058 ubi
966 2993 1072 3059 Creon
1094 2993 1174 3058 haec
1197 2995 1287 3056 dicit:

379 3090 442 3162 οὐκ
465 3093 596 3177 ἔκλυον,
619 3093 682 3163 οὐκ
704 3091 842 3182 ἤκουσα·
864 3085 1010 3181 χαιρέτω
1031 3091 1138 3170 πόλις.

337 3196 468 3280 Hippol.
493 3201 676 3279 362-364:

455 3295 524 3377 ἄιες
546 3290 583 3382 ὦ,
606 3298 720 3375 ’έκλνες
743 3291 770 3364 ος

454 3398 649 3468 ἀνάκουοτα
671 3406 733 3478 τᾶς

403 3500 575 3590 τυράννου
597 3501 712 3569 πάθεα
733 3504 832 3587 μέλεα
854 3504 1052 3587 θρεομένας.

337 3605 422 3670 Ionis
445 3627 474 3669 v.
501 3607 581 3684 1446
603 3628 641 3669 s.:

454 3701 516 3773 τίν’
541 3702 649 3774 αὐδὰν
672 3702 765 3772 ἀύσω

455 3804 585 3888 dodam
608 3813 679 3874 κτλ.

337 3912 448 3992 Itaque
488 3911 743 3993 Aristophanem
783 3910 916 3992 prolatis
953 3908 1002 3972 his
1042 3907 1230 3990 tautologiis
1271 3909 1374 3970 minus

252 4010 455 4092 Aeschylum
483 4032 585 4093 ¹quam
616 4012 778 4094 Euripidis
809 4013 907 4094 ipsius
943 4012 1124 4074 doctrinam
1166 4009 1374 4091 sophisticam

252 4115 468 4194 perstringere
492 4115 631 4176 voluisse
654 4123 788 4195 apparet
811 4134 848 4176 ac
871 4115 1075 4196 potissimum
1098 4112 1228 4194 quidem
1261 4133 1303 4173 ex
1327 4131 1375 4187 eo,
