3118 5040
621 495 662 504 -
705 473 747 538 47
792 472 840 503 ·—·

253 628 401 709 Denique
423 626 596 689 scholiasta
619 628 660 688 ad
682 626 851 708 Aristoph.
882 629 961 690 Ran.
991 647 1020 690 v.
1047 629 1107 706 965
1144 628 1218 708 (996
1240 648 1289 709 ap.

166 730 274 810 Dind.)
297 727 378 792 haec
400 729 536 791 adnotat
558 728 599 790 de
622 728 766 791 moribus
782 728 949 791 Phormisii
971 736 1004 790 et
1027 727 1122 792 facie:
1146 727 1292 814 Δίδυμός

161 847 268 920 γφησιν
290 821 345 896 ὅτι
370 832 552 916 Φορμίσιος
573 828 753 914 δραστικὸς
779 821 822 916 ἦν
852 831 907 895 καὶ
938 827 1002 914 τὴν
1023 828 1134 916 κόμην
1157 833 1292 914 τρέφων

167 933 224 997 καὶ
246 928 391 1015 φοβερὸς
413 932 528 997 δοκῶν
545 927 638 997 εἶναι.
663 929 717 1020 διὸ
740 932 796 996 καὶ
815 928 985 1015 Αἰσχύλου
1007 930 1164 1019 μαθητὴν
1187 929 1293 1000 αὐτόν

166 1051 269 1119 φησιν
291 1029 386 1099 εἶναι.
410 1031 520 1113 βαθὺς
541 1031 656 1120 [δασὺς
679 1034 754 1096 dicit
776 1033 951 1097 scholiasta
972 1034 1096 1098 EccleS.
1112 1052 1150 1114 91
1173 1038 1223 1116 (97
1242 1056 1292 1117 ap.

167 1136 278 1216 Dind.)
302 1145 335 1199 et
357 1135 409 1198 hic
431 1137 567 1199 coniecit
587 1136 756 1216 Kusterus]
782 1135 818 1202 δε
840 1126 883 1222 ἦν
912 1137 968 1201 καὶ
995 1137 1109 1202 καθίει
1138 1134 1200 1202 τὸν
1222 1134 1292 1203 πώ-
1395 1197 1397 1206 ,

169 1260 271 1316 γαινα.
294 1237 507 1322 κωμῳδεῖται
530 1236 645 1303 δὲκαὶ
669 1236 716 1313 εἰς
738 1236 959 1322 δωροδοκίαν.

256 1337 381 1420 Quibus
404 1360 477 1423 cum
500 1339 691 1402 testimoniis
715 1340 883 1403 extremis:
907 1347 1000 1401 —et
1018 1337 1175 1402 hirsutum
1197 1339 1293 1403 fuisse

169 1439 381 1502 Phormisium
410 1459 580 1520 cunnoque
606 1441 751 1502 deditum
774 1476 817 1485 -
839 1440 963 1521 optime
991 1449 1171 1521 congruunt
1193 1440 1292 1505 Arist.

172 1540 296 1606 Eccles.
320 1563 349 1606 v.
372 1544 413 1622 89
435 1561 477 1603 ss
502 1547 558 1621 (95¹
577 1542 641 1620 ss),
663 1540 719 1602 ubi
741 1541 928 1621 Praxagora
950 1541 1191 1622 hocloquitur:

298 1637 429 1708 οὐκοῦν
451 1639 540 1707 καλαί
563 1637 646 1726 γ’δν
668 1638 850 1726 πάθοιμεν,
873 1641 902 1707 εἰ
923 1640 1170 1728 πλήρηςτύχοι
1224 1670 1230 1681 ·

300 1741 318 1810 ὁ
342 1745 446 1830 δῆμος
468 1737 526 1819 niv,
548 1737 684 1809 ιιαίἰιειθ>
709 1740 957 1828 ὑπερβαίνουσά
980 1767 1051 1820 τις·
1150 1743 1151 1746 ’

299 1840 554 1930 ἀναβαλλομένη
575 1845 690 1924 δείξειε
713 1843 777 1911 τὸν
800 1845 987 1930 φορμίσιον.

256 1947 344 2010 Bene
374 1947 426 2010 hic
461 1946 570 2010 scribit
599 1946 776 2010 Meinekius
812 1949 992 2031 φορμίσιαν
1024 1948 1129 2011 littera
1165 1949 1316 2025 minuta·

172 2069 245 2111 cum
277 2069 320 2111 ex
350 2050 480 2111 nomine
511 2049 644 2130 proprio
676 2048 795 2111 factum
827 2049 868 2110 sit
901 2069 1021 2112 nomen
1056 2049 1293 2131 appellativum.

171 2148 353 2218 Scholiasta
371 2151 412 2212 ad
430 2150 460 2212 h.
480 2150 499 2214 1.
519 2151 655 2212 adnotat
676 2155 754 2212 hoc:
777 2149 832 2213 καὶ
852 2134 954 2223 οὗτος
972 2152 1175 2235 (Φορμίσιος)
1191 2151 1295 2228 δασὺς

171 2240 221 2334 ἦν.
251 2250 436 2316 αἰνίττεται
464 2249 505 2316 τὸ
533 2263 728 2335 γυναικεῖον
752 2248 894 2314 αἰδοῖον.
914 2285 957 2295 -·
971 2287 1014 2297 -
1031 2251 1180 2314 Eundem
1195 2253 1295 2315 Phor·

172 2355 255 2415 misii
270 2354 407 2416 nominis
427 2373 520 2415 usum
530 2351 671 2415 affirmat
683 2351 865 2433 Hesychius
884 2371 948 2418 sv.
966 2346 1211 2437 Ἀριστόδημος,
1229 2375 1294 2436 quo

171 2462 257 2518 teste
280 2457 395 2522 comici
418 2455 617 2540 φορμισίαυς
639 2451 776 2537 (ἔλεγον)
799 2450 843 2518 τὰ
865 2465 1036 2537 γυναικεῖα
1059 2452 1179 2518 αἰδοῖα.

257 2556 309 2620 De
330 2557 526 2638 Megaeneto
559 2565 669 2619 autem
696 2555 819 2618 scholia
846 2557 887 2618 ad
910 2552 940 2616 h.
962 2554 982 2616 l.
1005 2554 1169 2635 explicant
1200 2555 1292 2620 haec:

172 2654 427 2742 ὁΜεγαίνετος,
446 2650 501 2723 ὅτι
518 2653 557 2723 01²·
574 2654 712 2733 πάντας
733 2653 901 2742 βάρβαρος
924 2650 992 2721 ἀλλ’
1017 2650 1224 2743 ἀναίσθητος
1237 2660 1294 2724 καί

172 2753 236 2823 οὐκ
263 2754 403 2834 ἀστεῖος.
443 2755 596 2844 αὐθάδης
635 2759 671 2823 δὲ
694 2747 797 2833 οὗτος
822 2758 877 2822 καὶ
908 2760 980 2822 τῶν
1010 2756 1295 2844 στρατηγιώντων

171 2856 243 2925 ἐστὶ
270 2861 330 2926 ’καὶ
361 2855 469 2937 ἄλλως
499 2857 636 2945 θρασύς.
695 2859 777 2921 Fere
814 2859 900 2921 idem
933 2859 1031 2921 tradit
1062 2858 1179 2923 Suidas
1211 2884 1235 2924 s.
1265 2884 1294 2925 v.
1356 2941 1358 2946 Ι

171 2963 388 3046 Μεγαίνετος.
426 2962 461 3026 Si
479 2965 604 3045 quaeris
620 2965 661 3026 de
679 2962 875 3042 cognomine
889 2959 1082 3040 Megaeneti,
1099 2963 1294 3036 Fritzschius

172 3074 205 3127 et
227 3063 373 3128 Kockius
396 3073 529 3128 censent
550 3064 778 3145 Megaenetum
799 3059 864 3126 τὸν
886 3064 1011 3148 Μανῆν
1033 3063 1190 3144 appellari
1217 3065 1265 3128 inf
1282 3101 1292 3112 -

171 3164 263 3227 licem
286 3163 464 3230 aleatorem
487 3174 520 3229 et
538 3167 659 3247 opponi
682 3163 876 3227 Therameni
898 3183 1026 3244 semper
1043 3163 1126 3227 felici
1150 3168 1188 3244 (v.
1210 3170 1293 3248 970).

172 3268 287 3348 Neque
308 3276 418 3331 tamen
441 3269 519 3331 certi
541 3268 715 3348 quidquam
738 3268 780 3328 de
806 3265 869 3327 hoc
890 3267 1020 3327 nomine
1051 3275 1101 3328 est
1130 3269 1293 3331 traditum.

172 3366 344 3450 Utcunque
379 3389 428 3432 res
466 3389 537 3431 sese
572 3368 685 3443 habet,
726 3368 886 3430 comicum
921 3366 973 3429 hic
1006 3365 1154 3431 homines
1195 3371 1293 3446 tubis,

172 3467 289 3546 hastis,
317 3470 426 3534 barbis
444 3470 608 3546 horridos,
633 3471 686 3551 qui
709 3468 907 3532 amarulento
930 3471 994 3532 risu
1022 3468 1133 3533 Sinnin
1155 3471 1295 3536 referunt

172 3606 213 3615 —
237 3570 275 3636 cf.
304 3571 365 3634 Ov.
391 3571 469 3634 Met.
497 3587 525 3654 7,
552 3589 624 3650 441.
651 3570 730 3635 Plut.
762 3572 859 3635 Tnes.
893 3573 921 3634 8.
952 3607 994 3616 -
1025 3580 1058 3634 et
1084 3573 1293 3654 stupidissimi

172 3672 436 3752 stolidissimique
462 3675 589 3749 sedent,
617 3673 746 3737 obicere
772 3671 940 3753 Aeschylo
964 3673 1136 3754 discipulos
1159 3685 1294 3739 constat.

171 3773 305 3836 Minime
341 3775 437 3854 igitur
471 3774 708 3857 Aristophanes
745 3795 788 3837 ex
827 3777 914 3837 omni
949 3783 1041 3856 parte
1077 3779 1295 3857 patrocinatur

171 3873 373 3956 temporibus
406 3876 645 3952 vetustioribus,
685 3876 743 3940 sed
776 3875 929 3938 hactenus
961 3884 1098 3952 tantum,
1138 3887 1293 3959 quatenus

172 3997 210 4038 ea
233 3976 337 4038 minus
365 3997 461 4058 quam
488 3987 604 4058 postea
644 3986 794 4060 corrupta
822 3977 918 4040 luisse
941 3979 1067 4040 comico
1097 3980 1294 4056 videbantur,

172 4078 341 4159 praeponit
368 4100 406 4141 ea
432 4086 581 4160 tempora
608 4080 841 4160 posterioribus
870 4087 903 4142 et
926 4078 1129 4159 Aeschylum
1163 4083 1293 4145 omnino
1337 4139 1341 4147 .
