3118 5040
708 522 918 583 ...16-

256 693 352 772 igitur
374 694 501 765 mirum,
532 690 620 770 quod
646 689 874 771 Aristophanis
906 689 1105 772 temporibus
1128 690 1286 772 Aeschyli
1310 711 1376 754 car-

256 794 341 855 mina
369 793 495 855 chorica
525 793 619 854 nimis
661 792 823 855 luxuriosa
853 801 934 858 sunt,
957 792 1024 854 visa
1056 790 1309 856 Atheniensibus
1345 803 1378 856 et

255 893 403 976 languida
425 912 600 974 omnesque
622 892 750 956 fabulae
772 894 884 974 inopes
906 894 1085 956 varietatis?

342 994 480 1069 Contra,
509 1004 681 1074 antequam
703 993 885 1075 Sophocles
915 996 1024 1058 docuit
1050 994 1190 1071 fabulas,
1221 995 1376 1077 Aeschyli

257 1097 439 1178 tragoedias
470 1116 568 1176 quam
598 1095 741 1158 maxime
767 1094 1007 1159 admirabantur
1032 1095 1248 1160 Athenienses
1271 1117 1377 1178 neque

202 1221 206 1232 ³
257 1202 404 1281 cuiquam
428 1219 536 1262 earum
560 1198 745 1280 simplicitas
768 1198 826 1260 suit
847 1198 1024 1264 offensioni.
1062 1198 1159 1280 Quod
1182 1199 1208 1262 si
1226 1219 1377 1281 respexe-

257 1302 370 1377 rimuS‚
401 1311 432 1364 et
455 1299 618 1382 Aeschylo
649 1321 731 1380 quae
760 1301 789 1362 ei
820 1300 978 1363 debentur
998 1299 1175 1364 tribuemus
1198 1310 1231 1364 et
1247 1301 1377 1365 Aristo-

256 1402 362 1484 phani,
385 1404 472 1465 cuius
494 1403 595 1465 verba
617 1405 686 1484 ipsa
708 1403 772 1465 iam
795 1402 935 1468 afferam.

343 1503 526 1568 Certamine
549 1505 679 1584 quidem
701 1505 828 1567 ineunte
850 1505 1020 1586 Euripides
1048 1508 1090 1569 de
1112 1505 1275 1588 Aeschylo
1297 1505 1379 1569 haec

258 1605 332 1668 facit
353 1607 455 1668 verba
476 1627 505 1670 v.
529 1609 591 1685 908
614 1627 668 1668 ss:

765 1711 892 1774 τοῦτον
915 1708 951 1773 δέ
969 1702 1073 1791 πρῶτ’
1097 1708 1225 1792 έλέγξοο,

387 1807 433 1883 olo
454 1800 497 1895 ἦν
520 1805 651 1892 ἀλαζών
673 1811 729 1874 καὶ
752 1811 865 1891 φέναξ,
889 1808 973 1887 οίόις
994 1835 1032 1876 τε
1055 1810 1136 1887 τοὺς
1156 1809 1284 1887 θεατὰς

385 1907 532 1994 ἐξηπάτα
553 1907 689 1994 μώρους
711 1910 825 1991 λαβὼν
847 1911 937 1994 παρὰ
963 1914 1116 1997 Φρυνίχῳ
1139 1913 1334 1997 τραφέντας.

389 2009 564 2094 πρώτιστα
585 2013 647 2096 μὲν
669 2010 732 2097 γὰρ
756 2009 814 2078 ἕνα
836 2009 898 2078 τιν>
924 2009 966 2079 ἄν
988 2019 1130 2079 καθῖσεν
1151 2010 1340 2097 ἐγκαλύψας

385 2109 530 2196 Ἀχιλλέα
552 2109 616 2178 τιν>
640 2110 660 2200 ἢ
683 2112 821 2199 Νιόβην,
844 2113 885 2180 τὸ
908 2112 1095 2200 πρόσωπον
1118 2111 1191 2198 οὐχὶ
1214 2111 1356 2192 δεικνύς,

390 2212 564 2301 πρόσχημα
586 2220 646 2302 τῆς
667 2217 864 2301 τραγῳδίας,
886 2214 1070 2302 γρύζοντας
1093 2212 1173 2283 οὐδὲ
1195 2219 1300 2283 τουτί.

718 2313 889 2393 Διόνυσος.

386 2415 432 2502 μὰ
453 2416 516 2483 τὸν
538 2412 598 2497 Δί),
622 2415 662 2483 οὐ
687 2415 774 2505 δῆδ).

718 2516 912 2607 Εὐριπίδης.

538 2618 556 2687 ὁ
581 2622 617 2686 δὲ
639 2620 741 2707 χορός
762 2620 789 2708 γ’
810 2620 943 2710 ἤρειδεν
966 2623 1141 2709 ὁρμαθοὺς
1162 2619 1206 2690 όίν

326 2772 333 2784 .
392 2727 503 2807 μελῶν
525 2723 640 2809 ἐφεξῆς
662 2726 824 2808 τέτταρας
846 2730 994 2810 ξυνεχῶς
1015 2721 1067 2792 ἄν·
1091 2725 1123 2792 οἱ
1142 2723 1312 2804 δ’έσίγοιν.

718 2825 887 2905 Διόνυσος.

389 2925 455 3005 έγοδ
478 2922 507 2991 δ
520 2925 656 3012 έχαιρον
678 2933 720 3010 τῇ
741 2935 858 3013 σιωπῇ,
880 2932 937 2995 καί
958 2955 999 3016 με
1021 2926 1112 2998 τοῦτ’
1138 2930 1277 3016 ἔτερπεν

391 3024 451 3112 οὐχ
472 3019 578 3115 ἧττον
600 3026 620 3116 ἢ
643 3035 706 3095 νῦν
729 3029 761 3096 οἱ
783 3035 974 3109 λαλοῦντες.

718 3129 911 3220 Εὖριπίδης.

892 3233 1026 3323 ἠλίθιος
1046 3237 1108 3323 γὰρ
1127 3229 1226 3324 ἦσθα,

392 3331 465 3418 σάφ’
490 3336 572 3402 loni.

717 3436 891 3522 Διόνυσος.

554 3534 716 3625 κάμαυτῷ
738 3541 839 3608 δοκῶ.
863 3545 897 3608 τί
920 3543 956 3609 δὲ
977 3539 1070 3608 ταῦτ’
1094 3537 1203 3629 έδραό
1227 3540 1246 3612 ὁ
1270 3545 1383 3622 δεῖνα·

720 3639 912 3730 Εὐριπίδης.

393 3737 446 3806 ὑπ’
473 3738 675 3825 ἀλαζονείας,
697 3740 738 3808 ἵν’
763 3743 782 3811 ό
805 3746 932 3834 θεατὴς
953 3749 1153 3832 προσδοκῶν
1174 3745 1319 3832 καθῄτο,

331 3890 338 3904 .
398 3839 500 3910 ὁπόθ)
525 3842 545 3930 ἡ
569 3841 672 3931 Νιόβη
694 3871 728 3912 τι
750 3849 939 3932 φθέγξεται
961 3848 1002 3915 τό
1026 3851 1134 3935 δρᾶμα
1157 3847 1185 3914 δ’
1198 3847 1241 3916 ἂν
1263 3848 1355 3933 διῄει.

722 3947 891 4026 Διόνυσος.

394 4041 669 4133 δίπαμπόνηρος,
693 4044 734 4115 οῖ’
759 4046 808 4134 ἄρ’
833 4050 1074 4138 ἐφενακιζόμην
1095 4048 1150 4118 ὑπ)
1176 4049 1289 4118 αὐτοί.

395 4150 428 4212 τί
451 4150 610 4239 σκορδινᾷ
631 4153 687 4215 καὶ
710 4152 887 4236 δυσφορεῖς
893 4179 905 4232 ,·
