3118 5040
734 518 948 564 „20-

368 671 423 735 Ad
444 695 474 736 v.
499 675 556 736 881
583 671 757 735 scholiasta
779 672 947 734 adnotavit
974 669 1016 735 τὰ
1051 673 1113 755 μὲν
1148 668 1279 758 ῥήματα
1316 673 1405 755 πρὸς

283 775 346 842 τὸν
380 771 563 858 Αἰσχύλον,
594 772 638 839 τὰ
666 773 703 838 δὲ
729 774 988 858 παραπρίσματα
1012 771 1098 856 πρὸς
1123 772 1186 840 τὸν
1214 769 1407 860 Εὐριπίδην

203 924 205 927 -
281 874 492 962 λεπτολόγον
516 871 608 942 ὄντα.
662 874 744 938 Sunt
774 878 838 937 iam
869 877 922 954 qui
954 875 1145 938 offenderint
1177 877 1208 938 in
1238 872 1402 962 ‘priuata'

281 982 391 1045 verbo.
417 980 464 1044 Ut
486 979 635 1041 omittam
652 978 799 1040 Franckii
813 979 1029 1040 coniecturam
1047 973 1234 1062 (ῥήγματα,
1256 979 1405 1041 Kockius

282 1083 377 1146 scribi
399 1082 490 1145 iussit
512 1089 608 1161 atque
631 1082 751 1161 recepit
774 1081 805 1140 in
826 1088 953 1142 textum
974 1079 1103 1162 πρέμνα
1125 1101 1162 1144 τε
1185 1082 1203 1142 i.
1222 1101 1248 1144 e.
1271 1087 1405 1143 truncos

176 1201 180 1208 '
281 1207 323 1248 sc.
342 1184 525 1257 verborum,
544 1183 632 1244 cuius
648 1181 816 1244 locutionis
835 1181 984 1260 analogia
1001 1179 1107 1243 afferri
1124 1189 1235 1262 potest
1250 1203 1279 1243 v.
1299 1197 1363 1262 903
1381 1203 1405 1244 s.

281 1281 527 1368 αὐτοπρέμνοις
548 1295 621 1358 τοῖς
643 1278 799 1366 λόγοισιν.

366 1387 560 1450 Fritzschius
592 1393 701 1447 censet
727 1380 858 1469 ῥήματα
879 1385 952 1445 voci
974 1385 1140 1447 notionem
1163 1386 1269 1447 inesse
1288 1381 1407 1447 ‘worte

283 1490 340 1552 der
362 1487 437 1551 kras
448 1483 464 1551 .'
511 1485 609 1549 Cuius
640 1487 685 1548 rei
716 1484 868 1566 exempla
894 1484 988 1547 affert
1014 1505 1043 1549 v.
1071 1487 1129 1547 821
1157 1480 1280 1571 ῥήμαθ’
1306 1483 1407 1550 λππο-

281 1588 422 1675 βόμονα,
452 1611 479 1652 ν.
508 1591 572 1666 824
597 1585 728 1674 ῥήματα
754 1590 964 1670 γομφοπαγῆ,
994 1585 1061 1648 alia.
1116 1586 1262 1669 Quorum
1294 1595 1408 1650 tamen

281 1694 427 1757 locorum
451 1692 597 1754 condicio
619 1710 750 1772 prorsus
769 1698 819 1752 est
836 1690 971 1763 diversa,
991 1709 1063 1750 cum
1082 1689 1267 1770 appositum
1282 1690 1324 1750 sit
1343 1689 1409 1751 illic

281 1795 488 1867 adiectivum,
515 1790 577 1853 hoc
608 1791 681 1852 loco
713 1792 805 1852 desit.
848 1789 961 1870 Itaque
992 1786 1121 1874 ῥήματα
1150 1789 1299 1865 verbum,
1333 1810 1408 1853 cum

281 1894 332 1957 hic
362 1895 449 1957 haud
478 1893 562 1955 bene
593 1893 681 1954 idem
712 1892 834 1973 opponi
873 1890 980 1954 verbis
1004 1885 1264 1974 (παραπρίσματ’
1291 1885 1406 1956 ἐπῶν’

281 2005 404 2077 putem,
427 2004 614 2076 suspectum
637 1993 753 2056 habeo.

368 2095 468 2160 Paulo
492 2095 572 2169 infra
595 2096 712 2158 chorus
734 2095 814 2157 haec
836 2093 998 2156 exclamat
1020 2115 1050 2156 v.
1072 2109 1149 2175 900:

526 2213 723 2296 προσδοκᾶν
746 2202 809 2277 οὖν
827 2209 917 2286 εἰκός
938 2214 1008 2278 έστι

527 2313 672 2398 τὸνμὲν
695 2309 831 2379 ἀστεῖόν
853 2337 886 2378 τι
908 2314 997 2392 λέξαι

585 2417 641 2481 καὶ
665 2416 956 2500 κατερρινημένον,

528 2516 591 2601 τόν
615 2510 847 2581 όόινασποῦντ’
873 2511 1117 2599 αὐτοπρέμνοις

586 2630 658 2695 τοῖς
680 2614 831 2702 λόγοισιν

465 2728 467 2736 ’
525 2716 715 2804 ἐμπεσόντα
738 2719 901 2784 συσκεδᾶν
917 2722 997 2783 πολ-

585 2820 646 2897 λὰς
667 2815 876 2905 ἀλινδήθρας
897 2819 1000 2884 ἐπῶν.

368 2958 536 3021 Radicitus
547 2956 748 3037 Aeschylum
758 2956 919 3036 Euripidis
929 2954 1049 3016 urbane
1066 2955 1151 3017 dicta
1160 2954 1412 3040 locutionesque
1454 2952 1463 2959 ’

281 3063 457 3124 limatiores
483 3079 554 3121 esse
582 3061 672 3139 quasi
703 3057 883 3120 evulsurum
910 3055 1085 3135 grandibus
1115 3055 1222 3118 verbis
1251 3060 1410 3122 irruendo

281 3173 314 3225 et
337 3163 563 3243 dissipaturum
587 3159 702 3222 multas
725 3159 897 3220 verborum
920 3156 1015 3218 tricas
1039 3167 1239 3237 exspectant.

365 3264 450 3325 Tum
473 3261 651 3343 Euripides,
679 3269 852 3342 postquam
880 3260 921 3319 de
948 3256 1104 3338 Aeschyli
1131 3258 1310 3322 fabularum
1344 3263 1412 3324 dis-

280 3366 442 3447 positione
465 3364 590 3425 locutus
613 3370 671 3436 est,
693 3361 774 3424 haec
797 3363 841 3423 ait
863 3380 892 3422 v.
913 3374 978 3438 924
999 3378 1056 3423 ss:

688 3472 804 3566 ῥήματ’
830 3473 875 3543 ἄν
896 3473 991 3557 βόεια
1014 3470 1131 3542 δώδεκ’
1156 3472 1249 3542 εἶπεν

279 3601 351 3668 925.
410 3579 517 3669 ὀφρῦς
539 3580 659 3665 έχοντα
681 3582 736 3645 καὶ
759 3577 895 3660 λόφους,
919 3571 997 3642 δεῖν>
1021 3570 1117 3657 ἄττα,
1138 3579 1366 3663 μορμορωπά,

409 3680 565 3769 όγνοοστα
587 3694 659 3758 τοῖς
681 3683 876 3765 θεωμένοις.

739 3796 912 3882 Αἰσχύλος.

929 3898 1019 3981 οἴμοι
1041 3895 1152 3976 τάλας.

740 4015 908 4093 Διόνυσος,

1129 4116 1247 4186 σιώπα.
