3118 5040
731 539 922 600 -6-

268 702 456 785 plerumque
478 704 563 768 velut
585 705 717 768 Thesm.
744 722 917 787 1344-143,
954 707 1045 770 Aves
1074 708 1184 787 807l8,
1211 708 1295 770 Nub.
1318 722 1386 789 534.

268 804 347 868 levis
369 805 421 870 vel
444 805 557 870 nullius
577 817 626 870 est
644 808 808 872 momenti.
845 809 956 871 Ranae
974 810 1068 890 igitur
1086 812 1290 890 potissimum
1309 810 1386 872 mihi

268 915 342 969 sunt
365 911 551 972 tractandae
573 910 704 972 adiectis
726 912 845 992 paucis,
869 930 950 991 quos
970 931 1015 988 ex
1038 912 1150 974 ceteris
1178 910 1291 974 sabulis
1310 911 1384 974 Ari·

268 1009 456 1092 stophaneis
479 1013 673 1094 deprompsi,
696 1012 782 1075 locis.

351 1110 473 1174 Docuit
492 1121 600 1174 autem
618 1113 854 1194 Aristophanes
870 1116 977 1177 Ranas
993 1116 1102 1196 paucis
1125 1114 1289 1178 mensibus
1310 1124 1386 1197 post

265 1211 515 1276 Atheniensium
536 1217 704 1278 victoriam
726 1216 812 1297 apud
835 1216 1014 1297 Arginusas
1035 1225 1243 1298 reportatam,
1266 1217 1387 1298 gravis·

265 1315 347 1378 sima
378 1317 463 1398 apud
498 1316 613 1398 Aegos
645 1317 762 1380 flumen
793 1317 885 1380 clade
915 1320 1059 1381 nondum
1096 1327 1245 1400 accepta,
1287 1317 1386 1382 Callia

267 1416 438 1493 archonte,
468 1419 604 1482 Lenaeis
632 1417 820 1483 Gamelione
847 1440 958 1483 mense
984 1422 1002 1482 i,
1030 1441 1056 1485 e.
1078 1421 1226 1502 Januario
1254 1424 1327 1485 anni
1356 1441 1385 1484 a.

270 1517 343 1582 Chr.
366 1541 396 1582 n.
420 1535 491 1604 405.

354 1622 454 1704 Quod
472 1632 579 1687 autem
596 1626 711 1686 attinet
727 1626 771 1686 ad
793 1633 932 1687 aetatem
954 1625 1148 1705 tragicorum
1165 1627 1269 1699 trium,
1291 1624 1386 1706 paulo

269 1732 442 1807 antequam
466 1725 497 1786 in
518 1745 668 1788 scaenam
691 1727 803 1787 Ranae
825 1735 898 1788 sunt
919 1728 1105 1807 productae,
1126 1726 1296 1807 Euripides
1319 1736 1387 1789 erat

269 1836 414 1889 mortuus
444 1848 482 1890 ac
515 1828 604 1890 brevi
635 1837 711 1908 post
741 1849 815 1890 eum
847 1827 1034 1909 Sophocles.
1097 1829 1261 1892 Perierant
1293 1829 1387 1909 igitur

268 1929 385 1990 summi
407 1929 521 2009 tragici
543 1949 671 2004 omnes,
698 1950 760 2010 qua
789 1950 824 1992 re
846 1929 965 1992 lactum
988 1938 1046 2005 est,
1067 1938 1102 1992 ut
1124 1938 1241 2012 poetae
1263 1931 1386 2005 comici,

269 2031 321 2109 qui
340 2029 548 2095 libentissime
566 2034 661 2094 etiam
681 2032 721 2094 de
743 2031 820 2094 vivis
843 2031 1028 2112 aequalibus
1051 2053 1087 2095 se
1111 2040 1385 2113 exprompserant‚

154 2123 158 2132 ’
270 2151 310 2193 eo
332 2133 402 2213 ipso
425 2141 581 2214 tempore,
611 2133 680 2213 quis
712 2142 798 2196 esset
820 2153 964 2196 summus
990 2142 1159 2216 poetarum
1182 2134 1386 2214 tragicorum,

267 2234 467 2297 instituerent
488 2237 719 2316 quaestionem.
756 2236 878 2298 Verum
901 2234 1154 2317 Aristophanem
1176 2235 1237 2298 alia
1258 2253 1385 2314 quoque

268 2355 363 2399 causa
396 2340 556 2418 permovit
583 2347 618 2400 ut
639 2336 702 2400 hoc
725 2338 851 2403 laceret.
895 2337 1004 2400 Multis
1026 2340 1109 2401 enim
1133 2335 1384 2400 Atheniensibus

269 2439 328 2501 illis
360 2440 559 2522 temporibus
590 2441 758 2522 Euripides
790 2443 891 2503 carior
927 2441 1152 2522 acceptiorque
1191 2439 1248 2502 luit
1289 2458 1385 2518 quam

268 2541 454 2622 Aeschylus
472 2551 504 2606 et
522 2541 708 2624 Sophocles,
731 2544 765 2605 id
783 2543 872 2623 quod
890 2563 987 2624 aegre
1004 2542 1128 2605 ferebat
1141 2542 1385 2622 Aristophanes

269 2663 341 2705 cum
369 2646 533 2724 cognitum
564 2644 715 2719 haberet,
748 2654 947 2726 quantopere
973 2644 1027 2707 illa
1054 2645 1162 2725 poesis
1193 2643 1385 2725 reipublicae

269 2753 353 2808 esset
371 2746 528 2827 perniciei.
557 2746 655 2827 Quod
673 2756 708 2809 ut
726 2749 857 2809 doceret
875 2747 1054 2826 civiumque
1072 2765 1202 2808 suorum
1212 2745 1385 2825 corrigeret

270 2856 302 2909 et
324 2848 511 2910 emendaret
533 2849 661 2924 iudicia,
691 2851 886 2929 tragicorum
917 2848 1010 2911 finxit
1037 2857 1200 2911 certamen
1222 2850 1254 2910 in
1277 2849 1385 2911 Ranis.

354 2950 550 3014 Felicissime
572 2962 679 3015 autem
698 2951 935 3033 Aristophanes
954 2951 1148 3031 excogitavit
1166 2952 1199 3012 id
1215 2958 1385 3023 certamen,

270 3073 374 3134 neque
397 3054 481 3115 enim
504 3062 539 3115 ut
554 3052 751 3133 Phrynichus
769 3055 801 3115 in
818 3053 927 3128 Musis,
951 3073 1032 3133 quae
1051 3054 1167 3115 eodem
1184 3052 1386 3114 Lenaeorum

269 3157 320 3218 die
343 3177 407 3237 quo
423 3156 535 3218 Ranae
557 3155 587 3217 in
610 3175 758 3218 scaenam
781 3164 855 3217 sunt
877 3157 1052 3236 productae
1074 3155 1224 3233 idemque
1246 3161 1385 3216 tractant

268 3268 507 3339 argumentum,
537 3258 683 3338 Euripidi
703 3258 855 3339 opposuit
876 3255 1080 3338 Sophoclem,
1103 3258 1159 3318 sed
1186 3253 1386 3334 Aeschylum

268 3370 434 3441 tamquam
464 3381 560 3423 verae
591 3361 667 3421 artis
700 3359 842 3450 tragicae
874 3357 1048 3440 exemplar.
1109 3356 1267 3437 Aeschyli
1299 3358 1386 3419 enim

270 3483 360 3525 musa
382 3482 484 3542 paene
506 3461 598 3522 nimis
629 3468 678 3522 est
700 3481 814 3541 aspera
832 3468 864 3522 et
882 3461 968 3535 dura,
991 3459 1084 3521 nimis
1107 3456 1212 3520 mollis
1231 3467 1262 3519 et
1280 3457 1386 3520 soluta

269 3566 437 3647 Euripidis.
482 3561 661 3644 Sophocles
693 3571 800 3624 autem
830 3581 960 3624 auream
991 3561 1075 3624 illam
1102 3569 1190 3622 tenet
1218 3559 1386 3621 mediocri·

268 3676 386 3741 tatem,
418 3685 500 3745 quae
527 3673 576 3726 est
602 3664 683 3725 inter
710 3665 841 3725 nimium
869 3673 902 3726 et
928 3683 1041 3744 parum
1069 3671 1101 3724 et
1127 3659 1311 3724 reconciliat
1334 3681 1385 3722 res

269 3770 452 3831 contrarias,
498 3753 544 3830 Cf.
567 3765 714 3846 Theogn.
737 3782 807 3845 335.
836 3766 973 3828 Aristot.
995 3763 1069 3828 Eth.
1090 3763 1158 3826 Nic.
1182 3779 1209 3838 2,
1230 3764 1260 3827 6.
1303 3761 1385 3823 Hor.

268 3872 369 3951 Epist.
403 3887 427 3943 1,
457 3870 504 3943 18,
526 3885 555 3948 9.
599 3867 710 3947 ltaque
742 3870 811 3930 sine
841 3866 940 3929 dubio
971 3867 1073 3929 minus
1101 3865 1218 3929 efficax
1245 3864 1302 3927 luit
1324 3860 1384 3926 So-

268 3970 391 4053 phoclis
419 3990 515 4050 quam
543 3969 697 4049 Aeschyli
729 3970 940 4051 comparati0,
974 3988 1071 4049 quam
1097 3967 1288 4030 sententiam
1310 3966 1386 4028 Ari-

147 4128 152 4140 .
270 4072 445 4156 stophanes
467 4071 680 4155 pulcherrime
703 4073 748 4134 sic
769 4071 985 4154 pronuntiavit
1006 4072 1087 4135 Ran.
1110 4091 1138 4131 v.
1162 4071 1226 4132 82.:

396 4171 415 4240 d
440 4168 614 4248 d'er'r'xoloc
635 4175 696 4258 μὲν
718 4169 852 4252 ἐνθάδ’,
876 4167 1015 4248 εὔκολος
1037 4167 1146 4237 δ’ἑκεῑ.
